3525 5454
1479 430 1548 441 ...-
1586 403 1619 454 5
1655 429 1725 441 ..-

370 503 631 575 Romae
663 507 857 575 1719.
895 505 1089 595 typis
1117 505 1187 571 S.
1218 500 1787 591 congregationis
1818 499 1899 567 de
1922 478 2370 586 Propaganda
2391 493 2561 561 Fide
2586 493 2660 560 in
2684 492 2808 559 fol.

507 611 591 677 Τ.
628 612 729 678 ΙΙ.
781 612 883 678 De
928 610 1378 698 scriptoribus
1409 608 1613 696 Syris
1643 604 2151 695 Monophysitis
2183 605 2312 669 etc.
2352 600 2606 667 Romae
2639 601 2813 667 1721

368 718 629 787 eisdem
674 719 871 808 typis
915 719 990 785 in
1033 718 1159 785 fol.

515 827 600 893 T.
636 826 780 893 111.
831 826 932 892 De
978 824 1432 913 scriptoribus
1463 822 1668 911 Syris
1697 817 2134 889 Nestorianis
2164 815 2417 881 Romae
2451 812 2623 880 1725
2655 810 2798 878 eisd

367 935 573 1023 typis
619 933 691 999 in
738 932 860 1000 fol.

509 1040 593 1106 T.
628 1039 732 1106 IV
752 1039 854 1104 De
876 1036 1082 1127 Syris
1110 1034 1545 1105 Nestorianis
1560 1034 1812 1127 Romae
1834 1032 2007 1099 1728
2036 1027 2408 1125 eisd.typis
2429 1026 2502 1091 in
2524 1024 2810 1092 fol.Dis-

366 1144 671 1211 sertatio
716 1144 796 1210 de
842 1143 1046 1231 Syris
1076 1141 1583 1230 Monophysitis
1612 1139 1866 1205 Romae
1900 1136 2073 1203 1730
2103 1134 2268 1201 eisd.
2306 1134 2500 1222 typis
2530 1132 2604 1198 in
2636 1133 2759 1201 fol.

510 1249 609 1315 De
658 1247 1094 1316 Sacramento
1157 1245 1730 1327 confirmationis,
1781 1266 1823 1309 a
1877 1240 2304 1330 presbyteris
2363 1240 2644 1308 Graecis
2706 1264 2807 1308 ce-

362 1354 679 1443 terisque
722 1353 1179 1422 orientalibus
1211 1353 1727 1432 administratO,
1762 1351 2016 1417 Romae
2049 1347 2243 1437 typis
2273 1347 2592 1416 Gamerae
2622 1350 2807 1437 Apo·

368 1464 657 1532 stolicae
702 1464 778 1529 in
821 1462 942 1530 fol.
995 1484 1107 1529 an.
1148 1463 1348 1528 1725.

504 1568 883 1636 Chronicon
939 1566 1294 1634 Orientale
1341 1565 1540 1633 Petri
1603 1563 1870 1630 Rahebi
1931 1560 2298 1650 Aegyptii,
2364 1559 2657 1649 primum
2722 1562 2807 1628 ab

363 1680 764 1747 Abrahamo
809 1678 1238 1747 Eochellensi
1284 1702 1368 1745 ex
1413 1676 1684 1744 arabico
1730 1675 1951 1741 latine
1999 1674 2369 1756 redditum,
2421 1695 2599 1739 nunc
2628 1697 2806 1742 nova

364 1786 950 1873 interpretatione
997 1786 1324 1853 donatum
1368 1808 1409 1851 a
1456 1783 1737 1872 Iosepho
1784 1781 2081 1848 Simonio
2128 1781 2526 1848 Assemano:
2591 1803 2806 1848 acces·

362 1915 517 1960 sere
565 1891 1090 1959 dissertationes
1136 1895 1434 1979 quatuor
1479 1889 1776 1957 eiusdem
1821 1887 2205 1955 Assemani.
2258 1886 2571 1954 Venetiis
2606 1888 2799 1954 1731.

365 2020 460 2064 ex
504 1997 974 2086 typographia
1018 1994 1532 2064 Bartholomaei
1578 1993 1908 2061 Iavarina
1953 1993 2026 2059 in
2071 1991 2193 2058 fol.

506 2103 964 2189 Menologium
1012 2102 1449 2183 Graecorum,
1498 2102 1692 2168 iussu
1738 2098 1990 2166 Basilii
2036 2097 2506 2185 Imperatoris,
2558 2119 2799 2184 graece

362 2208 534 2275 olim
581 2207 869 2292 editum,
919 2232 1096 2275 nunc
1140 2231 1380 2296 graece
1425 2213 1498 2275 et
1544 2207 1765 2274 latine
1822 2204 2083 2293 prodiit
2127 2203 2199 2269 in
2246 2210 2391 2270 tres
2420 2210 2656 2291 partes
2703 2204 2805 2271 di-

361 2313 777 2395 stributum,
818 2337 978 2403 pars
1028 2317 1092 2398 Ι,
1139 2313 2102 2404 complectensseptembrem,
2140 2314 2499 2395 octobrem,
2534 2336 2803 2380 novem-

361 2421 580 2486 brem.
616 2421 792 2488 Pars
834 2422 936 2504 11,
972 2422 1416 2509 complectens
1448 2422 1882 2501 decembrem,
1911 2419 2324 2500 ianuarium,
2351 2419 2798 2504 februarium,

362 2528 752 2616 interprete
806 2528 1152 2597 Clemente
1176 2529 1283 2596 XI
1307 2530 1462 2596 dum
1487 2529 1706 2595 adhuc
1728 2526 1804 2593 in
1827 2525 2202 2592 minoribus
2225 2531 2427 2593 esset.
2458 2526 2629 2591 Pars
2652 2526 2796 2609 ΙΠ,

349 2634 813 2722 complectens
871 2635 1241 2717 Martium,
1277 2636 1631 2723 Aprilem,
1668 2634 1962 2719 Maium,
1999 2632 2298 2716 Iunium,
2334 2633 2619 2718 Iulium,
2652 2635 2796 2700 Au-

350 2747 668 2827 gustum,
717 2741 1097 2831 interprete
1144 2743 1427 2831 Iosepho
1481 2740 1780 2808 Simonio
1837 2742 2256 2823 AssemanO,
2306 2739 2428 2828 qui
2486 2744 2559 2807 et
2621 2740 2793 2808 duas

350 2847 626 2936 priores
669 2853 907 2934 partes
952 2850 1375 2936 recognovit,
1424 2846 1673 2914 Urbini
1708 2848 1904 2913 1727.
1973 2868 2059 2912 ex
2104 2845 2570 2933 typographia
2627 2868 2785 2913 ven.

351 2951 664 3040 capellae
710 2952 830 3019 SS.
868 2952 1294 3021 Sacramenti
1341 2955 1522 3042 apud
1567 2952 1951 3021 Antonium
1995 2950 2379 3018 Fantauzzi
2425 2950 2498 3016 in
2543 2950 2665 3017 fol.

492 3055 567 3123 S.
600 3057 836 3125 Patris
879 3059 1104 3126 nostri
1151 3061 1496 3148 Ephraem
1542 3058 1709 3147 Syri
1754 3058 2016 3126 Graeca
2061 3057 2284 3124 omnia
2327 3079 2497 3146 quae
2544 3061 2796 3124 extant

350 3185 564 3249 opera
610 3162 685 3228 in
729 3171 878 3231 tres
923 3169 1139 3231 tomos
1170 3216 1185 3247 ,
1236 3188 1271 3232 e
1328 3166 1585 3234 Graeco
1632 3164 1851 3231 latine
1914 3164 2187 3232 reddita
2242 3186 2284 3231 a
2344 3164 2630 3251 Iosepho
2692 3164 2796 3231 Si-

349 3268 581 3334 monio
627 3270 1028 3354 Assemano,
1064 3294 1213 3338 cum
1244 3272 1790 3359 praefationibus
1820 3277 1893 3338 et
1924 3270 2133 3353 notis,
2169 3294 2289 3339 nec
2316 3294 2451 3338 non
2480 3273 2796 3361 catalogo

347 3397 638 3462 operum
683 3377 982 3445 omnium
1027 3378 1097 3447 S.
1136 3379 1530 3467 Ephraemi,
1580 3402 1752 3468 quae
1801 3378 1996 3467 typis
2027 3379 2459 3467 prodierunt,
2496 3383 2622 3444 aut
2656 3402 2793 3447 ma-

344 3481 718 3569 nuscripta
761 3488 1010 3550 extant
1056 3485 1129 3552 in
1174 3485 1650 3553 Bibliothecis.
1701 3485 1954 3552 Romae
2002 3507 2086 3551 ex
2132 3486 2599 3576 typographia
2657 3487 2793 3555 Va-

345 3589 590 3656 ticana
637 3592 1252 3660 1732-1743-1747
1301 3594 1469 3660 tomi
1516 3597 1675 3658 tres
1711 3592 1786 3658 in
1832 3592 1956 3658 fol.

491 3697 590 3763 De
634 3696 907 3765 Sanctis
952 3700 1351 3766 Ferentinis
1407 3700 1481 3766 in
1540 3700 1789 3767 Tuscia
1848 3700 2221 3782 Bonifacio,
2282 3723 2359 3767 ac
2416 3701 2795 3791 Redempto

342 3802 706 3892 Episcopis
751 3805 962 3894 deque
1007 3807 1426 3896 Presbytero
1472 3812 1544 3873 et
1603 3812 1916 3896 martyre
1978 3807 2328 3890 Eutichi0,
2392 3808 2793 3877 dissertatio

342 3910 629 3999 Iosephi
674 3911 960 3981 Simonii
1005 3913 1364 3981 Assemani
1411 3913 1499 3981 ad
1528 3913 1941 3981 Annibalem
1973 3913 2409 3981 Cardinalem
2439 3915 2790 3982 Albanum
2886 3955 2897 3965 ·

336 4016 607 4104 Romae
656 4018 829 4087 1748
873 4019 1067 4108 typis
1114 4019 1443 4088 Generosi
1488 4018 1834 4086 Salomoni
1879 4019 1954 4085 in
1997 4019 2093 4086 4⁰.

490 4125 955 4194 Grammatica
998 4127 1260 4195 Graeca
1304 4125 1553 4193 Urbini
1600 4149 1685 4193 ex
1715 4124 2186 4215 typographia
2214 4124 2334 4193 SS.
2395 4125 2790 4194 Sacramen—

341 4230 415 4298 ti
462 4232 635 4299 1737
682 4233 852 4299 tomi
895 4232 1028 4300 duo
1059 4233 1134 4298 in
1165 4231 1257 4300 8⁰.

480 4336 566 4403 In
589 4335 828 4405 funere
852 4337 1195 4406 Friderici
1223 4338 1536 4425 Augusti
1558 4339 1659 4405 II.
1698 4337 2020 4405 Poloniae
2045 4336 2260 4424 Regis
2290 4337 2514 4405 oratio
2545 4338 2790 4406 habita

336 4445 425 4512 in
486 4443 789 4512 Basilica
848 4447 918 4514 S.
971 4444 1342 4514 Clementis
1402 4444 1513 4512 die
1555 4446 1641 4513 22
1688 4444 1861 4512 Maii
1911 4444 2104 4512 1733.
2169 4467 2256 4511 ex
2319 4445 2790 4534 typographia

334 4552 696 4622 Vaticana
739 4553 811 4618 in
841 4552 937 4621 4⁰.
