3525 5454
1868 539 1929 550 ...
1967 512 2036 563 40
2075 535 2143 551 —-

786 609 1027 677 restri.
1078 610 1369 697 Insuper
1416 609 1650 698 plures
1695 609 2187 677 ecclesiasticos
2233 610 2448 677 libros
2512 608 2828 697 collegit,
2864 614 2939 676 et
2983 610 3076 675 ab
3118 630 3239 675 er-

782 718 1053 784 roribus
1099 717 1513 799 emendavit,
1567 718 1676 785 vel
1723 717 2151 784 immutavit.
2201 718 2381 785 Dum
2443 718 2516 783 in
2550 716 3047 783 Patriarchatu
3116 714 3239 782 vi·

781 822 939 904 xit,
990 822 1195 910 plura
1238 821 1301 891 ei
1347 828 1729 890 evenerunt
1792 823 2202 904 infortunia,
2254 823 2531 889 tandem
2577 823 2650 887 in
2720 843 2880 910 pace
2947 821 3245 909 quievit

784 930 896 998 die
942 931 985 997 3
1031 929 1200 996 Maii
1246 930 1411 996 anni
1460 931 1658 1012 1704,
1708 929 1782 995 in
1860 928 2275 996 monasterio
2344 928 2706 996 Cannubin
2760 925 3236 1017 (Coenobium)

783 1042 858 1103 et
903 1036 1013 1104 die
1062 1037 1145 1103 12
1192 1035 1491 1102 eiusdem
1536 1035 1811 1116 mensis,
1862 1036 1926 1101 ei
1973 1021 2299 1102 successit

917 1144 1164 1214 CXIV.
1219 1145 1418 1211 Patr.
1472 1141 1730 1216 Gabriel
1797 1142 2123 1216 BeluBani.
2176 1142 2309 1209 Hic
2353 1141 2535 1209 sedit
2581 1141 2621 1207 1
2667 1162 2780 1206 an.
2833 1143 2906 1205 et
2948 1159 3229 1203 menses

782 1251 1102 1341 quinque:
1140 1255 1213 1318 et
1245 1249 1419 1315 obiit
1464 1272 1639 1316 anno
1690 1249 1887 1330 1705,
1939 1248 2200 1336 viginti
2246 1247 2484 1313 diebus
2532 1248 2888 1333 postquam
2922 1242 3238 1331 pallium

782 1359 1199 1426 obtinuerat.
1252 1355 1435 1422 Huic
1479 1355 1805 1422 successit
1850 1355 1958 1422 die
2006 1358 2046 1420 5
2092 1352 2497 1421 Novembris

916 1463 1125 1531 CXV.
1176 1463 1376 1529 Patr.
1425 1463 1698 1535 Iacobus
1742 1460 2021 1534 Evodiufl
2065 1457 2527 1549 Hoemnonflis,
2573 1458 2694 1545 qui
2737 1456 2960 1523 adhuc
3004 1454 3229 1539 sedit3

781 1572 967 1639 Deus
1012 1572 1286 1659 longam
1332 1569 1396 1636 ei
1428 1570 1646 1637 vitam
1691 1568 1986 1650 tribuat,
2021 1575 2094 1637 et
2117 1571 2201 1636 ab
2225 1567 2406 1634 omni
2454 1565 2755 1655 periculo
2815 1564 3237 1632 incolumem

783 1682 1042 1759 servet,
1091 1679 1333 1744 Amen.

916 1785 1189 1872 Iosephi
1255 1782 1545 1850 Simonii
1612 1783 1978 1849 Assemani
2040 1781 2250 1849 series
2294 1803 2507 1869 usque
2555 1780 2688 1846 huc
2731 1777 3182 1867 protrahitur
3209 1825 3227 1857 ,

780 1890 869 1955 ad
915 1896 1219 1956 nostram
1266 1893 1594 1971 aetatem,
1645 1910 1816 1976 quae
1864 1893 2275 1976 sequuntur,
2342 1886 2778 1974 perveniunt.

920 1997 1205 2063 Iacobus
1251 1995 1559 2063 Evodius
1604 2017 1780 2061 anno
1830 1995 2028 2076 1705,
2079 1994 2583 2060 Antiochenam
2613 1991 2849 2059 Sedem
2881 1987 3228 2071 ascendit,

779 2107 854 2168 et
898 2124 1011 2168 an.
1062 2104 1150 2170 28
1196 2102 1399 2183 sedit,
1452 2102 1817 2170 defunctus
1860 2107 1970 2169 est
2013 2124 2191 2168 anno
2241 2101 2436 2167 1733.
2490 2099 2671 2166 Huic
2716 2096 3064 2164 successit.

917 2207 1165 2275 CXVI.
1219 2209 1417 2275 Patr.
1468 2209 1722 2301 Ioseph.
1762 2209 2039 2302 Burgum
2069 2208 2416 2289 Alcmaeon,
2451 2205 2659 2272 huius
2689 2202 2985 2270 nominis
3014 2224 3232 2291 quar-

783 2318 902 2380 tus
946 2321 1102 2402 post
1144 2314 1213 2382 S.
1267 2318 1590 2384 Ioannem
1638 2316 1983 2383 Maronem
2048 2315 2182 2380 Hic
2250 2314 2443 2401 prius
2512 2315 2773 2381 Gustae
2843 2310 3232 2398 Episcopus

781 2425 976 2502 erat,
1029 2427 1102 2487 et
1145 2422 1562 2488 Patriarcha
1609 2422 1870 2489 electus
1917 2427 2024 2488 est
2070 2422 2179 2488 die
2226 2424 2314 2488 24
2357 2421 2727 2487 Februarii
2796 2419 2962 2485 anni
3011 2417 3222 2498 1733,

781 2550 975 2616 quem
1025 2528 1335 2595 Clemens
1379 2529 1527 2597 XII
1596 2552 1772 2595 anno
1843 2529 2038 2609 1734,
2091 2526 2547 2608 confirmavit,
2621 2548 2743 2614 per
2802 2524 3228 2610 Delegatnm

781 2656 1003 2699 suum.
1080 2633 1275 2699 Patr.
1343 2633 1649 2700 Abdalla
1725 2634 1944 2700 filium
2011 2634 2484 2720 Alhage-Aun
2552 2631 2632 2698 de
2702 2631 2851 2698 vico
2920 2628 3221 2715 Ehgial-

781 2744 933 2807 tun.
987 2741 1307 2807 Mortuus
1352 2747 1460 2807 est
1482 2741 1595 2806 hic
1616 2740 2030 2806 Patriarcha
2077 2739 2186 2808 die
2212 2740 2296 2807 13
2322 2740 2493 2806 Maii
2537 2739 2702 2806 anni
2751 2739 2922 2806 1742
2970 2736 3043 2801 in
3076 2736 3227 2801 Mo-

778 2845 1083 2912 nasterio
1127 2845 1413 2928 Raifun,
1464 2851 1537 2912 et
1569 2847 1641 2912 in
1689 2846 1971 2913 ecclesia
2015 2845 2084 2912 S.
2124 2847 2324 2914 Eliae
2369 2847 2634 2914 Gustae
2680 2843 2999 2932 sepultus
3044 2841 3219 2907 fuit.

912 2950 1201 3020 CXVII·
1251 2954 1450 3020 Patr·
1503 2951 1757 3026 Simeon
1803 2950 2102 3026 Evodius.
2151 2952 2468 3019 Damasci
2514 2951 2888 3039 Episcopus
2920 2948 3226 3036 eligitur

656 3095 675 3115 ·
774 3055 888 3125 die
938 3058 1022 3124 16
1068 3057 1313 3125 Martii
1360 3059 1525 3124 anni
1573 3059 1770 3140 1743,
1799 3058 2233 3125 aBenedicto
2279 3058 2476 3139 XIV,
2511 3057 2630 3145 qui
2660 3080 2812 3124 eum
2860 3060 3224 3123 confirma-

776 3160 889 3228 vit
933 3161 1042 3229 die
1068 3163 1305 3231 31ulii
1350 3163 1513 3229 anni
1564 3164 1737 3230 1744
1781 3164 2426 3252 perProcuratorem
2472 3165 2832 3251 Iosephum
2878 3145 3225 3230 Simonem

778 3265 1165 3351 Assemani,
1204 3269 1413 3335 huius
1458 3269 1769 3357 opusculi
1822 3275 2189 3336 auctorem.
2236 3271 2319 3336 In
2349 3293 2507 3358 pace
2554 3269 2820 3358 quievit
2841 3268 2950 3334 die
2978 3269 3059 3335 12
3083 3269 3220 3335 Fe-

778 3373 1047 3439 bruarii
1092 3374 1258 3440 anui
1307 3375 1503 3456 1756,
1553 3374 1625 3440 in
1671 3376 2085 3443 monasterio
2111 3377 2191 3442 B.
2224 3375 2540 3463 Virginis
2585 3374 3041 3441 Mash-musci
3095 3374 3223 3440 ubi

778 3478 1095 3565 sepultus
1134 3485 1263 3545 est.

912 3583 1243 3654 CXVIII.
1280 3587 1474 3653 Patr.
1509 3586 1749 3662 Tobiae
1773 3589 2095 3662 Alohauen
2112 3589 2320 3654 huius
2350 3589 2642 3656 nominis
2674 3589 2958 3678 primuS‚
2993 3589 3221 3678 Cypri

776 3688 1150 3775 Episcopus
1197 3691 1306 3757 die
1352 3694 1439 3758 28
1483 3692 1853 3760 Februarii
1899 3694 2062 3759 anni
2135 3696 2330 3776 1756,
2404 3696 2904 3764 Antiochenam
2974 3695 3220 3762 Sedem

776 3792 1109 3878 obtinuit,
1159 3802 1235 3862 et
1277 3820 1319 3863 a
1363 3799 1732 3864 Benedicto
1779 3799 1952 3868 XIV
1998 3799 2104 3867 die
2151 3802 2238 3866 27
2285 3802 2530 3867 Martii
2578 3803 2751 3869 1757
2791 3824 2910 3889 per
2942 3802 3219 3888 delega-

775 3907 926 3968 tum
972 3925 1172 3968 suum
1218 3904 1591 3970 Arsenium
1659 3906 2085 3972 Dominicum
2153 3906 2574 3995 Aleppiuum
2620 3907 3220 3996 Heliopolitanum

775 4009 1185 4097 Episcopum
1257 4010 1836 4078 confirmationem
1904 4013 2173 4078 habuit.
2250 4013 2383 4079 Hic
2428 4013 2502 4078 in
2548 4014 2834 4080 Domino
2879 4012 3216 4079 obdormi-

774 4118 884 4186 vit
930 4117 1039 4185 die
1089 4118 1174 4186 19
1221 4118 1392 4184 Maii
1420 4118 1581 4185 anni
1619 4120 1792 4186 1766
1839 4118 1912 4184 in
1963 4119 2239 4207 regione
2264 4119 2634 4207 Egialtun‚
2687 4125 2760 4186 et
2805 4119 2903 4186 ibi
2949 4120 3023 4185 in
3081 4118 3211 4186 Ec-

772 4222 980 4291 clesia
1025 4225 1106 4290 B.
1160 4224 1506 4312 Virginis.
1562 4224 1923 4312 sepelitur.

901 4331 1156 4398 CXIX·
1230 4334 1464 4424 Ioseph
1509 4333 1881 4425 Stephanus
1926 4333 2152 4427 Beryti
2196 4335 2572 4423 Episcopus
2617 4337 2683 4404 ei
2727 4337 3055 4404 successit
3100 4335 3216 4404 die

771 4438 813 4504 9
858 4436 1049 4505 Iunii
1094 4439 1260 4504 anni
1307 4440 1505 4521 1766,
1555 4440 1674 4526 qui
1721 4442 2163 4505 confirmatus
2207 4439 2351 4505 fuit
2395 4463 2438 4507 a
2482 4442 2567 4508 P.
2616 4442 2963 4509 Clemente
3023 4443 3218 4512 xm

771 4540 879 4609 die
929 4543 970 4608 6
1015 4543 1291 4630 Aprilis
1336 4545 1502 4610 anni
1551 4545 1724 4611 1767
1768 4567 1892 4632 per
1936 4545 2348 4631 Delegatum
2382 4547 2465 4614 P.
2491 4547 2915 4614 Dominicum
2945 4547 3217 4615 Lucen-

770 4668 910 4712 sem
935 4671 969 4715 e
995 4647 1610 4715 Franciscanorum
1658 4649 1951 4715 familia.
2003 4649 2176 4717 Eius
2225 4655 2526 4740 tempore
2586 4654 2668 4720 P.
2702 4652 3013 4721 Clemens
3044 4653 3227 4722 XIV
