3525 5454
1465 536 1535 547 -.
1570 511 1639 561 39
1672 538 1743 548 .-

521 606 668 675 CV.
717 607 910 675 Patr.
964 607 1241 683 michael
1284 609 1776 684 Bar-Iuhannan
1823 611 2020 684 Buzzi
2064 611 2480 695 Bskufensis‚
2560 613 2682 700 qui
2727 635 2827 681 se-

368 711 497 778 dit
541 736 652 780 an.
707 714 789 780 12
836 719 907 780 et
976 737 1151 782 anno
1223 716 1394 784 1581
1464 738 1545 782 ex
1593 718 1720 783 hac
1778 717 1932 785 vita
2002 718 2386 805 migravit,
2438 723 2512 784 et
2555 719 2630 784 in
2675 718 2822 785 eius

374 816 608 883 locum
653 820 982 886 suffectus
1036 827 1142 887 est

519 924 702 994 CVI·
756 927 952 994 Patr·
1025 926 1297 1022 Sergius
1343 929 1557 1021 Buzzi,
1602 930 1722 1018 qui
1792 929 1974 997 sedit
2022 930 2104 996 15
2150 952 2260 996 an.
2314 935 2387 997 et
2430 953 2608 997 anno
2656 931 2829 998 1596

375 1031 584 1115 obiit,
634 1034 746 1100 cui
791 1036 1117 1102 successit
1163 1036 1387 1123 Nepos
1433 1037 1581 1102 eius

520 1139 738 1209 CVII.
792 1143 987 1210 Patr.
1039 1144 1289 1234 Ioseph.
1338 1143 1679 1216 Bar-Musa
1724 1144 1924 1217 Buzzi
1970 1145 2090 1234 qui
2139 1146 2244 1211 12.
2296 1167 2406 1211 an.
2446 1144 2627 1211 sedit
2659 1145 2829 1211 etin

381 1267 551 1334 pace
599 1249 871 1337 quievit
916 1250 1023 1318 die
1070 1252 1158 1317 26
1204 1251 1448 1317 Martii
1497 1252 1661 1318 anni
1710 1253 1908 1334 1608,
1960 1257 2088 1319 aut
2136 1254 2307 1319 1605
2361 1253 2565 1319 iuxta
2620 1251 2820 1319 alios.

372 1353 529 1419 Hoc
573 1361 875 1443 tempore
921 1357 1357 1423 Antiocheno.
1391 1357 1594 1424 Sedes
1627 1363 1899 1446 pastore
1932 1360 2174 1425 orbata
2218 1358 2388 1441 fuit,
2416 1380 2538 1447 per
2582 1379 2825 1425 novem

372 1481 646 1526 menses
675 1462 840 1528 belli
865 1468 938 1530 et
961 1464 1402 1530 vexationum
1426 1487 1652 1530 causa.
1699 1465 1867 1530 Post
1889 1487 2137 1552 paucos
2160 1486 2372 1530 annos
2396 1465 2657 1531 electus
2678 1464 2824 1528 fuit

518 1569 777 1637 CVIII.
816 1570 1013 1637 Patr.
1050 1571 1324 1646 Ioannes
1378 1570 1837 1661 Bar-Haemus,
1896 1571 2016 1658 qui
2069 1571 2249 1637 sedit
2294 1594 2404 1637 an.
2457 1572 2547 1638 24
2568 1569 2681 1637 vel
2707 1570 2822 1636 25.

373 1675 517 1742 Hic
560 1677 975 1744 Patriarcha
1006 1678 1336 1744 visionem
1367 1679 1613 1745 habuit
1643 1679 1715 1743 in
1748 1683 1976 1743 monte
2008 1678 2297 1760 Liban03
2349 1680 2826 1764 apparuerunt

376 1783 455 1847 ei
502 1783 778 1871 quidam
826 1784 1063 1852 Sancti
1082 1781 1302 1851 'veste
1348 1785 1506 1850 alba
1551 1783 1809 1866 induti,
1861 1784 1936 1849 in
1981 1784 2415 1851 Provinciam
2460 1784 2828 1851 Kesrovan

378 1895 751 1975 pergentes
802 1889 992 1974 (haec
1035 1889 1213 1957 visio
1260 1895 1595 1956 narratur
1625 1889 1699 1956 in
1732 1890 1909 1956 libro
1956 1892 2338 1958 Abrahami
2384 1891 2826 1958 Hecchellen-

364 1994 508 2076 sis,
557 2003 914 2063 asservato
962 1997 1035 2063 in
1072 1996 1239 2064 Bib.
1288 1997 1449 2065 Vat.
1499 1997 1597 2065 Ν.
1638 1999 1843 2081 410).
1882 1997 2013 2064 Hic
2043 1999 2460 2065 Patriarcha
2482 1999 2557 2064 in
2589 2000 2819 2065 osculo

376 2101 659 2167 Domini
707 2103 880 2169 obiit
925 2126 1101 2169 anno
1149 2104 1347 2185 1633,
1399 2104 1507 2169 cui
1556 2104 1883 2170 successit

517 2208 701 2275 CIX.
752 2209 949 2275 Patr.
1003 2208 1315 2304 Georgius
1360 2208 1778 2283 Bar-Amaira
1820 2208 2197 2302 menonis,
2253 2210 2550 2299 collegii
2603 2214 2825 2278 Maro-

374 2317 697 2382 nitarum
744 2317 825 2384 de
871 2317 1053 2383 Urbe
1099 2318 1441 2383 alumnus.
1496 2318 1651 2400 Hic,
1718 2317 2047 2406 Syriacae
2094 2317 2398 2404 linguae,
2473 2318 2825 2386 Gramma·

376 2422 595 2488 ticam
643 2425 1066 2512 composuit,
1118 2429 1190 2489 et
1236 2423 1586 2511 vulgavit,
1639 2424 1710 2488 in
1752 2446 1890 2512 qua
1933 2423 2111 2490 hanc
2158 2424 2468 2511 linguam
2515 2425 2824 2491 omnibus

374 2528 550 2596 aliis
594 2531 1054 2619 antiquiorem
1101 2552 1245 2597 esse
1290 2530 1619 2612 ostendit,
1656 2535 1729 2596 et
1760 2531 2030 2596 Novum
2064 2528 2583 2596 Testamentum
2614 2531 2825 2596 etiam

376 2636 763 2723 diligenter
808 2637 881 2702 in
930 2637 1459 2724 hancglinguam
1505 2634 1910 2703 transtulit.
1961 2635 2153 2702 Obiit
2198 2634 2308 2700 die
2352 2637 2442 2702 24
2487 2634 2658 2701 Iulii
2704 2658 2826 2702 an·

373 2745 463 2811 ni
510 2745 705 2811 1644.
758 2744 928 2810 Post
975 2746 1057 2810 17
1104 2744 1248 2811 dies
1295 2744 1589 2832 eligitur

519 2851 664 2918 CX·
718 2853 915 2919 Patr·
987 2853 1220 2943 Ioseph
1264 2849 1581 2924 Bar-Alib
1649 2848 2019 2938 Aouronsis,
2092 2848 2212 2937 qui
2271 2846 2451 2914 sedit
2498 2869 2610 2912 an.
2662 2846 2710 2912 4
2753 2851 2828 2911 et

372 2982 561 3027 anno
629 2960 802 3026 1648
868 2966 1183 3025 mortuus
1231 2963 1359 3024 est.
1412 2958 1721 3036 Novem,
1796 2959 1953 3043 post
1997 2954 2144 3021 eius
2192 2958 2520 3033 mortem,
2585 2951 2826 3018 diebus

371 3066 933 3134 Patriarchalem
979 3064 1215 3132 Sedem
1262 3063 1617 3144 ascendit,
1684 3083 1987 3127 summus
2050 3061 2173 3126 ille
2227 3060 2360 3129 Vir
2427 3058 2689 3146 pietate
2750 3061 2827 3124 et
2939 3099 2947 3106 -

372 3172 778 3240 Sanctitate
825 3171 1132 3237 omnibus
1178 3174 1385 3235 notus

520 3279 708 3347 CXI.
735 3279 930 3345 Patr.
959 3277 1237 3350 Ioannes
1270 3275 1686 3350 Sefravonsis
1731 3274 1850 3363 qui
1876 3297 1986 3340 an.
2020 3275 2083 3340 8.
2115 3271 2319 3353 sedit,
2350 3275 2423 3337 et
2446 3292 2624 3336 anno
2651 3269 2825 3335 1656

372 3385 476 3453 ad
506 3387 724 3452 Deum
757 3385 1116 3473 migravit,
1153 3387 1226 3450 et
1257 3383 1365 3449 die
1396 3404 1575 3447 nona
1604 3384 1694 3448 ab
1715 3383 1864 3447 eius
1896 3381 2235 3461 transitu,
2273 3377 2569 3465 eligitur
2599 3377 2822 3465 prima

372 3491 495 3558 die
542 3491 708 3558 anni
755 3492 928 3558 1657

520 3598 745 3665 CXII.
796 3598 994 3664 Patr.
1051 3595 1366 3690 Georgius
1411 3593 1803 3669 Sobolonsiss.
1857 3591 1990 3658 Hic
2043 3590 2546 3659 Antiochenam
2592 3589 2825 3657 Eccle-

374 3705 558 3775 siam
584 3707 670 3774 14
690 3706 892 3772 annis
945 3704 1384 3793 gubernavit,
1411 3707 1486 3768 et
1510 3701 1617 3768 die
1644 3703 1726 3768 12
1751 3700 2027 3788 Aprilis
2074 3698 2236 3765 anni
2266 3699 2438 3764 1670
2462 3698 2827 3764 defunctus

374 3819 518 3881 est.
572 3813 1077 3900 Quadraginta,
1129 3811 1213 3877 ab
1258 3810 1405 3876 eius
1475 3807 1811 3889 transitu,
1862 3807 2100 3872 diebus
2145 3803 2523 3871 transactis
2570 3802 2678 3866 die
2738 3801 2828 3867 20

374 3923 557 3990 Maii
601 3923 863 3990 electus
908 3921 1053 3986 suit
1098 3919 1219 3987 ille
1264 3918 1512 4000 Pater,
1564 3918 1860 3984 Sanctus
1927 3915 2115 3980 inter
2159 3911 2518 4001 perfectos,
2568 3911 2828 3976 Beatus

375 4033 574 4097 inter
642 4029 993 4096 virtuosos
1057 4026 1362 4094 Revmus
1424 4030 1496 4089 et
1542 4022 1793 4089 Illfnus
1861 4021 1934 4086 in
1994 4018 2373 4087 sanctitate
2421 4023 2493 4081 et
2539 4012 2831 4079 scientia

513 4136 778 4206 CXIII.
830 4136 1027 4202 Patr·
1080 4134 1453 4225 Stephanus
1496 4129 1772 4204 Dovsihi
1814 4124 2214 4201 Ehdsnensis
2261 4122 2556 4210 collegii
2604 4123 2831 4188 Maro-

371 4242 693 4310 nitarum
738 4243 819 4308 de
865 4241 1048 4307 Urbe
1095 4239 1438 4315 alumnus,
1490 4236 1610 4324 qui
1665 4235 1846 4302 sedit
1876 4258 1988 4300 an.
2026 4234 2134 4299 34.
2173 4231 2475 4319 exceptis
2501 4230 2723 4296 decem
2756 4233 2830 4293 et

373 4356 642 4439 septem
689 4349 950 4415 diebuS.
999 4349 1155 4436 lpse
1200 4344 1485 4432 scripsit
1526 4343 1894 4409 historiam
1955 4346 2334 4428 temporum
2379 4341 2671 4407 Librum
2717 4339 2827 4406 de-

374 4479 523 4525 cem
554 4456 918 4538 luminum,
953 4459 1266 4522 catenam
1318 4450 1828 4518 Maronitarum
1874 4449 2203 4533 nationis;
2239 4450 2320 4515 de
2368 4447 2828 4518 caeremoniis

373 4568 461 4630 et
501 4561 1012 4631 Ecclesiasticis
1040 4557 1627 4641 ordinationibus3
1688 4561 1835 4622 tres
1873 4578 2214 4623 sermones
2244 4556 2325 4622 de
2371 4555 2824 4644 praedicatio-

377 4695 488 4757 ne;
542 4672 820 4736 brevem
866 4670 1465 4738 Consecrationum
1513 4661 2090 4752 explanationem;
2158 4663 2236 4729 de
2282 4663 2613 4730 Paradiso
2683 4666 2827 4726 ter-

2067 4877 2525 4982 590765
