3525 5454
1464 546 1531 559 -..
1566 517 1633 567 41
1673 545 1740 555 -

348 604 936 694 Congregationis
978 610 1363 699 Aleppinae
1410 611 1812 679 divisionem
1858 611 2045 678 inter
2074 611 2496 679 Libanenses
2518 617 2592 679 et
2623 635 2804 679 mon-

347 713 537 779 tium
583 715 843 782 incolas
885 718 1321 807 approbavit,
1369 719 1481 785 uti
1526 718 1979 786 communiter
2023 723 2488 786 convenerant
2535 717 2607 784 in
2657 720 2796 785 Mo-

344 823 666 891 nasterio
734 824 1072 909 Harissa,
1151 826 1224 891 in
1292 826 1645 914 provincia
1712 826 2079 893 Kesravan
2140 848 2316 892 anno
2389 827 2566 893 1768
2594 877 2609 908 ,
2689 825 2804 892 ad-

345 934 707 1000 stantibus
780 933 847 1002 S.
895 935 1090 1002 Sedis
1160 934 1356 1000 iussu
1423 935 1569 1022 ipso
1637 934 1833 1000 Patr.
1888 937 1961 1000 et
2004 933 2133 999 Fr.
2211 932 2506 1022 Aloysio
2571 932 2806 998 Pisto-

344 1038 573 1105 riensi
605 1039 970 1127 Superiora
999 1039 1399 1107 monasterii
1451 1038 1912 1121 Hierusalem,
1942 1043 2016 1103 et
2060 1038 2316 1104 Rector
2371 1043 2606 1105 terrae
2651 1060 2802 1104 san·
2849 1032 2856 1039 ’

344 1150 533 1214 ctae.
582 1147 716 1213 Hic
759 1147 953 1214 Patr.
1008 1146 1279 1235 quievit
1309 1145 1382 1211 in
1412 1146 1697 1213 Domino
1751 1146 1862 1213 die
1912 1146 1999 1212 22
2053 1144 2325 1233 Aprilis
2378 1143 2543 1210 anni
2601 1144 2799 1225 1793,

342 1256 433 1319 et
475 1253 790 1340 sepultus
835 1253 980 1318 fuit
1024 1253 1099 1318 in
1145 1252 1455 1319 Ecclesia
1486 1251 1554 1319 S.
1590 1253 1841 1339 Ioseph
1884 1250 2186 1317 Alhosni
2214 1250 2288 1315 in
2312 1272 2487 1337 pago
2536 1248 2789 1330 Gusta,

351 1380 560 1446 quem
607 1358 896 1445 excepit.

490 1464 702 1531 CXX·
754 1464 954 1530 Patr
1004 1464 1305 1539 Michael·
1331 1466 1394 1538 Π
1416 1464 1610 1538 ΓὸᾱΘΙ
1652 1462 1877 1555 Beryti
1923 1464 2301 1552 Episcopus
2345 1463 2455 1530 die
2484 1464 2569 1530 10
2590 1462 2805 1550 Apri-

344 1571 448 1638 lis
505 1571 670 1637 anni
718 1571 915 1638 1793.
966 1572 1122 1654 Hic,
1173 1572 1482 1653 Romam,
1532 1571 1619 1638 ad
1681 1570 2265 1638 confirmationem
2334 1570 2798 1650 obtinendam,

351 1678 549 1744 misit
594 1677 910 1766 Sergium
956 1680 1215 1746 Granem
1282 1680 1754 1768 Berytensem.
1829 1678 1970 1744 Ast
2014 1678 2127 1744 hic
2170 1677 2450 1765 legatus
2517 1676 2804 1743 Romam

341 1807 486 1850 non
515 1785 837 1871 pervenit
881 1785 1018 1851 nisi
1064 1789 1220 1873 post
1263 1785 1716 1851 Patriarchae
1788 1789 2100 1867 mortem,
2151 1807 2321 1872 quae
2367 1785 2511 1850 fuit
2558 1784 2667 1850 die
2717 1785 2801 1851 17

340 1888 523 1955 Maii
597 1890 763 1956 anni
834 1891 1004 1957 1795
1064 1892 1136 1955 in
1185 1891 1253 1958 S.
1306 1890 1587 1956 Ioannis
1662 1890 2078 1956 monasterio
2155 1891 2481 1957 Herrasci
2538 1891 2659 1955 ubi
2698 1912 2801 1956 se-

336 1997 592 2084 pultus
655 1997 820 2063 fuit.
872 1996 1007 2063 Sed
1049 1996 1220 2063 Pius
1263 1997 1367 2065 VI
1413 2019 1566 2064 eum
1619 1997 1694 2062 in
1753 1997 1953 2063 Patr.
2005 1997 2597 2064 Antiochenorum
2646 1998 2800 2064 sede

338 2105 723 2185 recensuit,
774 2104 846 2168 in
893 2103 1315 2172 Consistorio
1361 2104 1539 2170 enim
1585 2103 1824 2171 habito
1872 2103 1981 2170 die
2028 2105 2117 2171 27
2162 2102 2352 2169 Iunii
2400 2103 2565 2169 anni
2619 2104 2803 2170 1796

342 2212 487 2278 ait.
523 2241 554 2273 u
587 2211 768 2293 Quia
814 2212 972 2277 dum
997 2210 1071 2276 in
1095 2210 1279 2277 vivis
1322 2209 1490 2291 suit,
1542 2215 1813 2297 tempus
1859 2233 1994 2276 non
2040 2210 2103 2277 ei
2151 2209 2492 2297 permisit,
2545 2214 2629 2274 ut
2675 2231 2793 2274 no-

344 2322 574 2382 stram
620 2316 1197 2383 confirmationem
1254 2316 1616 2403 reciperet,
1667 2316 1990 2382 defuncto
2035 2315 2432 2401 tribuimus;
2484 2316 2634 2382 ideo
2681 2339 2796 2381 vo-

339 2422 584 2488 lumus
628 2424 714 2486 ut
757 2420 970 2487 talem
1014 2421 1283 2504 haberi,
1312 2421 1479 2487 etin
1527 2422 1704 2488 serie
1748 2420 1945 2487 Patr.
2000 2422 2508 2489 Maronitarum
2539 2424 2798 2490 Antio-

340 2526 544 2592 chiae
589 2526 775 2613 poni,
823 2525 993 2592 licet
1037 2525 1274 2592 Sancti
1319 2526 1537 2593 Pallii
1583 2527 1904 2593 honorem
1976 2528 2228 2594 habere
2297 2551 2480 2595 mors
2527 2530 2591 2595 ei
2638 2553 2793 2615 pro-

342 2630 689 2697 hibuerit.
744 2659 775 2692 n

480 2739 736 2808 CXXI.
784 2741 980 2808 Patr.
1033 2741 1369 2836 Philippus
1412 2743 1446 2815 1
1490 2737 1851 2837 Algemfiel
1895 2742 2114 2832 Cypri
2160 2743 2563 2832 Episcopus,
2630 2745 2796 2810 huic

335 2846 799 2914 Patriarchae
869 2848 1196 2914 successit
1261 2847 1371 2917 die
1442 2850 1524 2915 12
1594 2849 1786 2917 Iunii
1833 2849 1999 2915 anni
2060 2850 2281 2931 1795,
2332 2850 2452 2936 qui
2499 2871 2541 2914 a
2579 2849 2784 2916 Pont.

336 2955 471 3022 Pio
514 2956 621 3024 VI
669 2957 775 3024 die
820 2959 908 3024 27
953 2959 1252 3025 eiusdem
1297 2960 1547 3027 mensis
1590 2960 1757 3027 anni
1807 2962 1981 3029 1796
2026 2984 2148 3049 per
2192 2962 2568 3028 Arsenium
2614 2962 2778 3029 Car-

336 3062 511 3128 dahi
557 3063 963 3130 Monachum
1010 3065 1430 3154 Aleppinum
1475 3066 1926 3134 Libanensem
1973 3068 2392 3156 delegatum,
2430 3071 2788 3135 confirma-

336 3172 465 3233 tus
488 3168 652 3235 fuit.
682 3168 815 3235 Sed
836 3175 999 3237 ante
1025 3170 1240 3237 Pallii
1277 3174 1833 3261 assumptionem,
1864 3173 1972 3240 die
2000 3175 2083 3240 12
2116 3174 2392 3262 Aprilis
2422 3176 2590 3241 anni
2619 3151 2792 3241 1796

339 3294 435 3338 ex
480 3274 609 3339 hac
654 3273 808 3340 vita
852 3276 1214 3363 migravit,
1264 3278 1339 3344 in
1407 3279 1821 3345 monasterio
1868 3280 2210 3347 Beckorki
2255 3280 2373 3345 ubi
2420 3280 2632 3346 etiam
2688 3302 2787 3347 se·

336 3377 589 3467 pultus
633 3385 765 3447 est.
815 3381 1066 3448 Postea
1110 3383 1375 3450 electus
1418 3385 1586 3450 fuit.

480 3483 773 3554 CXXII·
826 3487 1019 3554 Patr·
1074 3490 1310 3583 Ioseph
1357 3492 1556 3582 Tyen,
1625 3491 1823 3580 prius
1876 3492 2190 3559 Damasci
2262 3493 2669 3581 Episcopus,
2718 3499 2793 3560 et

332 3589 793 3659 Patriarchae
840 3593 1021 3661 vices
1059 3619 1325 3683 gerenS,
1376 3598 1483 3665 die
1530 3599 1618 3665 27
1664 3598 1937 3688 Aprilis
1983 3621 2093 3665 an.
2152 3602 2349 3683 1796,
2386 3607 2629 3668 sextus
2660 3603 2786 3667 hu-

334 3696 457 3762 ius
501 3697 817 3781 nominiS,
867 3723 909 3766 a
953 3701 1076 3767 Pio
1123 3702 1226 3770 VI
1273 3706 1713 3771 confirmatus
1760 3705 1871 3771 die
1916 3707 2005 3772 24
2048 3707 2223 3774 Iulii
2272 3709 2446 3775 1797
2477 3730 2599 3795 per
2630 3732 2784 3796 pro-

335 3808 731 3871 curatorem
776 3806 854 3871 P.
908 3808 1278 3897 Aloysium
1322 3810 1595 3878 Blaibel
1641 3814 2047 3880 Monachum
2093 3814 2571 3884 Libanensem.
2626 3818 2784 3900 Hic,

334 3930 571 3975 amore
631 3909 1078 3995 solitudinis,
1149 3917 1430 4004 propria
1474 3918 1864 4002 voluntate,
1936 3921 2486 3988 Patriarchalem
2551 3921 2789 3988 Sedem

335 4014 661 4101 reliquit,
711 4021 785 4082 et
826 4013 1035 4106 prope
1081 4021 1456 4088 Ecclesiam
1495 4024 1563 4092 S.
1617 4025 1962 4114 Ephraem
2009 4027 2429 4120 domicilium
2476 4035 2789 4099 constru-

330 4120 479 4204 xit,
506 4121 747 4189 inloco
795 4124 1216 4194 Addouarah
1263 4129 1470 4212 dicto,
1519 4131 1638 4197 ubi
1682 4155 1898 4220 parvo
1947 4138 2249 4222 tempore
2300 4135 2520 4202 vitam
2555 4136 2781 4204 duxit.

331 4227 606 4296 Deinde
630 4230 706 4296 in
729 4231 1226 4300 Monasterium
1271 4236 1630 4305 Cannubin
1672 4263 1743 4307 se
1769 4241 2173 4325 transtulit,
2223 4244 2340 4309 ubi
2374 4244 2790 4312 obdormivit

331 4339 416 4405 in
462 4338 749 4406 Domino
772 4339 881 4407 die
907 4341 994 4407 20
1015 4341 1385 4410 Februarii
1409 4346 1574 4411 anni
1624 4347 1821 4416 1820.
1849 4349 1919 4414 Α
1942 4348 2198 4416 Sancta
2226 4350 2394 4418 Sede
2421 4353 2781 4419 renuntia·

333 4445 535 4511 tione
583 4445 732 4513 eius
777 4447 1097 4530 admissa,
1146 4450 1563 4518 Patriarcha
1608 4455 2072 4523 constituitur

471 4552 802 4625 CXXIII.
850 4554 1046 4621 Patr.
1099 4556 1375 4631 Ioannes
1423 4559 1548 4632 XII
1592 4559 1662 4628 S.
1715 4562 1999 4629 Ioannis
2042 4564 2371 4631 Acrensis
2402 4565 2781 4655 Episcopus

327 4665 412 4730 et
458 4660 662 4727 Patr.
714 4661 897 4728 vices
967 4685 1212 4749 gerens
1259 4665 1366 4731 die
1415 4668 1458 4733 8
1502 4667 1693 4733 Iunii
1761 4668 1926 4734 anni
1975 4670 2171 4752 1809,
2222 4670 2330 4737 die
2380 4672 2464 4738 19
2510 4673 2781 4740 Decem-
