3525 5454
1412 460 1478 470 -.
1516 432 1582 483 31
1623 460 1688 471 -

461 531 596 598 His
655 530 968 618 epistolis
1013 551 1408 618 responsum
1454 554 1686 598 eorum
1732 532 1969 619 pravis
2032 532 2392 600 desideriis
2438 532 2779 598 conforme

324 640 691 724 expectare
721 659 857 703 non
887 641 1233 724 poterant.
1271 637 1559 704 Strenui
1605 638 1990 705 defensores
2019 638 2244 719 Fidei,
2281 638 2608 703 Pontifex
2654 637 2781 702 sci-

323 742 500 810 licet
541 748 618 810 et
682 742 1159 809 Antiochenus
1226 744 1425 810 Patr.
1477 745 1764 813 exilium
1828 750 1903 811 et
1949 750 2238 810 mortem
2301 744 2638 809 libentius
2709 764 2782 809 se

324 870 653 936 passuros
701 847 1250 935 rescripserunt,
1315 873 1518 937 quam
1563 851 1901 938 denegare
1973 851 2145 917 duas
2212 855 2508 916 naturas
2553 853 2627 915 et
2673 871 2788 915 vo-

327 955 649 1022 luntates
686 954 762 1020 in
806 954 1109 1021 Christo.
1148 956 1414 1022 Furore
1453 962 1697 1045 captus
1743 959 2157 1046 Imperator,
2193 956 2456 1022 duobus
2504 955 2789 1021 ducibus

330 1061 714 1128 Zachariae
744 1066 818 1128 et
849 1061 1066 1128 Leoni
1097 1062 1306 1128 iussit
1349 1063 1438 1130 ad
1471 1063 1631 1129 illos
1665 1087 1976 1153 pergere,
2014 1071 2088 1131 et
2117 1064 2417 1132 vinculis
2447 1063 2788 1151 alligatos

331 1167 959 1255 Costantinopolim
1004 1166 1359 1235 adducere.
1397 1170 1528 1236 Hic
1559 1176 1792 1237 tamen
1823 1171 2119 1260 lapidem
2152 1170 2556 1258 angularem
2606 1171 2789 1237 inve-

329 1273 477 1339 nit.
510 1272 754 1354 Italia,
790 1277 862 1339 et
893 1274 1252 1361 praecipue
1284 1274 1577 1342 Romani
1606 1278 1741 1343 feri
1772 1281 1846 1344 et
1876 1277 2241 1357 minantes,
2286 1279 2412 1342 hac
2440 1280 2785 1342 contume-

330 1378 440 1445 lia
463 1378 657 1459 moti,
686 1377 775 1444 ad
798 1400 990 1445 arma
1011 1387 1512 1462 concurrentes,
1541 1382 1852 1450 validum
1878 1382 2255 1449 exercitum
2282 1381 2779 1462 coadunarunt,

332 1492 417 1554 et
438 1486 860 1553 unanimiter
906 1492 1147 1553 contra
1200 1487 1513 1555 Caesaris
1563 1489 1824 1556 milites
1857 1490 1962 1555 ita
1985 1489 2404 1556 dimicarunt
2431 1492 2515 1553 ut
2558 1486 2782 1553 facili-

334 1596 456 1660 ter
510 1614 742 1660 eorum
786 1594 1040 1661 Ducem
1085 1595 1492 1663 Zachariam
1538 1597 1926 1664 interficere
1973 1601 2249 1685 possent
2273 1647 2290 1678 ,
2355 1595 2416 1662 si
2445 1595 2557 1661 hic
2602 1593 2784 1682 apud

331 1697 668 1767 Sanctum
714 1701 1113 1767 Pontificem
1156 1725 1292 1769 non
1337 1703 1758 1790 aufugisset,
1812 1709 1895 1770 ut
1940 1726 2010 1771 se
2056 1706 2128 1771 in
2198 1703 2554 1771 Pontificis
2600 1702 2787 1768 cubi-

332 1806 495 1874 culo
541 1806 950 1873 occultaret.
1001 1808 1346 1895 Perpetua
1392 1810 1489 1875 sit
1535 1810 1684 1876 illis
1731 1812 2041 1878 strenuis
2109 1810 2438 1878 Romanis
2505 1808 2775 1895 gloria,

333 1916 466 2005 qui
508 1938 771 2003 semper
815 1917 978 1982 Iesu
1022 1915 1288 1983 Christi
1334 1918 1690 1984 Pontificis
1735 1919 2055 2006 partibus
2099 1941 2232 1984 non
2263 1939 2427 1985 vero
2474 1914 2786 1982 Caesaris

337 2025 614 2091 favent.

479 2131 765 2219 Sergius
796 2180 811 2211 ,
861 2131 1114 2197 Ducem
1159 2131 1561 2198 Zachariam
1616 2133 1921 2219 periculo
1976 2133 2410 2197 subtractum
2439 2179 2457 2214 ,
2539 2131 2781 2195 statim

337 2236 764 2325 Imperatori
809 2235 1028 2302 misit.

479 2344 674 2411 Maro
708 2344 943 2430 fugam
967 2343 1275 2430 arripere
1306 2343 1552 2409 melius
1583 2344 1813 2425 duxit,
1850 2349 1923 2409 et
1953 2344 2027 2409 in
2052 2342 2460 2410 Coenobium
2485 2341 2602 2408 ubi
2626 2342 2786 2409 edu-

335 2454 544 2518 catus
588 2450 870 2530 fuerat,
921 2469 1065 2514 sese
1112 2449 1389 2536 recepit.
1442 2449 1747 2516 Litteris
1792 2451 1936 2516 suis
1995 2449 2571 2538 praedicationem
2620 2449 2782 2514 dua-

338 2580 500 2625 rum
547 2562 964 2623 naturarum
1007 2558 1081 2621 et
1125 2554 1571 2621 voluntatum
1629 2578 1991 2639 renovans,
2037 2579 2153 2624 eas
2199 2578 2349 2622 cum
2381 2555 2527 2621 suis
2558 2574 2788 2619 mona·

339 2663 494 2731 chis
540 2662 628 2729 ad
674 2661 1015 2727 Libanum
1061 2660 1277 2742 misit,
1326 2665 1413 2725 ut
1456 2661 1531 2726 in
1582 2661 1866 2727 illarum
1913 2663 2118 2730 initio
2166 2662 2458 2751 legitur.

480 2769 895 2854 Imperator,
946 2768 1093 2833 eius
1137 2767 1307 2854 fuga
1353 2767 1666 2853 cognita,
1713 2768 1930 2834 Leoni
1976 2768 2129 2835 duci
2175 2769 2387 2834 iussit
2430 2768 2505 2833 in
2549 2766 2786 2835 Orien-

340 2879 492 2939 tem
537 2872 625 2939 ad
673 2873 873 2939 illum
920 2872 1304 2953 convolare,
1340 2877 1415 2940 et
1460 2873 1533 2938 in
1578 2873 1878 2940 vinculis
1926 2875 2247 2962 alligare.
2281 2875 2388 2941 At
2418 2874 2553 2940 iste
2601 2896 2791 2962 repo-

341 2980 497 3047 suit
528 2979 887 3048 voluntati
919 2981 1138 3066 ipsius
1197 2980 1663 3066 obtemperare
1696 3003 1830 3045 non
1853 3002 2069 3068 posse,
2105 2980 2269 3067 quia
2306 2980 2792 3046 Patriarcham

340 3087 763 3174 diligebant,
784 3091 859 3151 et
881 3087 1394 3154 venerabantur
1417 3085 1851 3167 Libaniotae,
1873 3091 1945 3152 et
1970 3108 2040 3152 se
2067 3086 2472 3165 meminisse,
2494 3085 2623 3167 ait,
2640 3085 2791 3171 plu-

341 3192 488 3260 ries
511 3214 665 3258 eum
690 3193 773 3257 ab
796 3191 1107 3257 Arabum
1132 3193 1365 3256 furore
1397 3191 1797 3273 defendisse,
1827 3196 1900 3259 et
1924 3191 2349 3279 triumphum
2388 3189 2787 3258 obtinuisse.

486 3298 731 3363 Iratus
777 3296 902 3362 hoc
948 3318 1264 3384 responso
1310 3319 1461 3362 eum
1492 3297 1566 3361 in
1613 3318 1949 3362 carcerem
1996 3297 2304 3362 inclusit.
2343 3297 2593 3362 Postea
2640 3295 2791 3361 Mu-

347 3404 576 3472 ricum
600 3407 675 3470 et
703 3403 1096 3470 Merachian
1126 3403 1199 3467 in
1230 3403 1508 3491 Syriam
1541 3424 1582 3468 a
1612 3403 2164 3490 Costantinopoli
2212 3403 2404 3468 misit
2427 3425 2577 3468 cum
2602 3423 2792 3468 exer-

342 3513 531 3595 citu,
582 3517 825 3578 contra
868 3511 1134 3577 Arabes
1180 3509 1678 3597 expeditionem
1726 3508 2084 3575 simulans.

486 3623 884 3710 Antequam
959 3618 1558 3706 Constantinopoli
1607 3618 1983 3686 discederet
2030 3618 2401 3700 exercitus,
2467 3616 2798 3683 Patriara

346 3732 486 3799 cha
550 3730 624 3795 id
670 3729 806 3794 iam
853 3727 1235 3794 resciverat
1279 3731 1352 3790 et
1413 3725 1656 3791 statim
1716 3727 1948 3812 nepoti
1997 3726 2389 3792 Abrahamo
2436 3723 2646 3790 iussit
2708 3719 2796 3787 ad

355 3834 864 3912 defensionem,
928 3853 1083 3897 suos
1142 3831 1571 3897 contrahere.
1637 3831 2037 3899 Incredibili
2098 3833 2496 3912 celeritate,
2556 3825 2800 3894 duode-

355 3945 494 4012 cim
537 3942 763 4008 millia
831 3939 1179 4006 hominum
1240 3937 1549 4024 collegit,
1600 3945 1672 4004 et
1720 3938 1793 4004 in
1838 3938 1985 4005 eius
2031 3939 2370 4006 auxilium
2439 3955 2804 4003 accurrens

351 4073 516 4117 eum
562 4049 638 4114 in
682 4044 1208 4114 Sanar-Gabait
1253 4043 1459 4109 duxit
1496 4094 1511 4126 ,
1571 4067 1746 4110 anno
1809 4068 1985 4112 nono
2044 4045 2579 4112 Patriarchatus
2640 4040 2799 4121 sui,

346 4162 429 4225 et
475 4155 726 4222 ultimo
788 4153 988 4220 verni
1063 4151 1413 4240 temporis.
1482 4151 1704 4216 Duces
1772 4157 2004 4219 autem
2074 4153 2381 4218 Muricus
2451 4155 2525 4215 et
2570 4148 2790 4214 Mera-

346 4262 560 4330 chian
594 4261 888 4329 Graecos
920 4259 994 4325 in
1025 4258 1302 4347 Syriam
1335 4257 1709 4342 duxerunt3
1746 4258 1870 4326 vix
1907 4281 1984 4325 ac
2015 4259 2100 4325 ad
2128 4258 2520 4325 coenobium
2549 4256 2619 4322 S.
2659 4257 2804 4321 Ma-

350 4369 547 4436 ronis
571 4369 1064 4455 pervenerunt,
1085 4364 1498 4453 quingentos
1526 4364 1885 4430 monachos
1912 4364 2434 4446 interfecerunt,
2451 4364 2806 4451 ipsumque

349 4474 857 4544 Monasterium
909 4475 1345 4541 everterunt.
1406 4469 1674 4536 Exinde
1713 4471 2065 4537 Kauserin
2118 4476 2192 4537 et
2235 4470 2570 4539 Alvarem
2623 4468 2803 4535 abie-

351 4586 556 4665 runt,
592 4581 735 4662 ubi,
791 4579 1052 4646 nemine
1100 4582 1401 4665 exceptO,
1438 4598 1663 4644 omnes
1715 4577 1879 4644 illos
1929 4583 2289 4660 necarunt,
2324 4578 2444 4664 qui
2497 4578 2667 4643 duas
2697 4575 2801 4640 in-

353 4688 644 4760 Christo
675 4693 968 4754 naturas
1014 4690 1087 4750 et
1131 4686 1531 4752 voluntates
1577 4685 2103 4768 confitebantur,
2156 4683 2645 4772 depraedantes
2691 4680 2807 4748 vel
