3525 5454
163 635 608 654 .......
660 591 726 655 5.
760 589 895 677 Ep.
924 588 1264 670 Damasci,
1310 587 1713 675 Gregorius.
1761 588 1905 654 An.
1955 587 2131 654 1645
2174 589 2257 655 Β.
2297 584 2612 673 Virgine-

163 692 377 760 Maria
398 694 804 780 adiuvante,
830 696 1149 763 Andreas
1169 694 1519 782 Achigian
1544 693 1770 791 Syrus
1792 680 2179 782 Aleppinus
2195 717 2237 762 a
2259 695 2464 762 Patr.
2479 696 2586 763 Io·

163 800 317 888 seph
370 800 699 868 Allacuri
763 802 1139 883 Maronita,
1190 823 1233 867 a
1277 801 1766 868 Iacobitarum.
1803 800 2152 868 erroribus
2197 799 2286 867 ad
2352 822 2590 867 veram

164 908 352 975 fidem
396 930 765 976 conversus
809 913 945 990 est,
992 913 1068 975 et
1111 908 1460 975 Maronita
1505 908 1818 989 effectus,
1853 907 2137 974 Romam
2168 907 2416 973 missus
2446 905 2590 972 fuit

157 1013 245 1080 ad
286 1036 515 1081 sacras
582 1015 1006 1104 moralesque
1058 1014 1383 1081 scientias
1435 1013 1825 1080 ediscendas
1864 1064 1879 1097 ,
1940 1018 2016 1080 et
2058 1017 2268 1081 ferme
2328 1012 2588 1079 duobus

160 1121 345 1188 annis
390 1120 466 1186 in
511 1120 855 1209 tyrocinio
931 1120 1210 1187 mansit.
1262 1120 1525 1187 Deinde
1584 1105 1671 1187 ad
1712 1120 2226 1187 Antiochenum
2270 1117 2582 1185 Pati-iar-

161 1228 345 1293 cham
390 1249 737 1309 reversus,
785 1226 1162 1315 Presbyter
1206 1225 1567 1293 ordinatus
1612 1230 1759 1310 est,
1795 1225 2035 1292 deinde
2066 1224 2275 1293 etiam
2306 1223 2583 1311 Episco-

156 1333 289 1421 pali
334 1332 688 1420 dignitate
718 1332 861 1400 fuit
904 1332 1285 1420 insignitus
1329 1356 1444 1400 an.
1498 1333 1692 1400 1656.
1744 1333 1999 1400 Postea
2021 1354 2063 1399 a
2091 1333 2295 1399 Patr.
2328 1332 2583 1398 Ioanne

155 1439 546 1507 Sefravensi
591 1440 935 1527 Aleppum
1001 1438 1296 1521 missus,
1368 1439 1605 1526 plures
1649 1438 1994 1505 Iacobitas
2053 1437 2142 1504 ad
2208 1437 2407 1504 fidem
2475 1458 2582 1502 ca·

161 1545 480 1612 tholicam
556 1546 860 1626 reduxit,
910 1568 1078 1633 quos
1146 1544 1361 1632 Syros
1407 1544 1708 1627 vocavit,
1758 1565 2125 1631 eorumque
2170 1540 2593 1609 Patriarcha‘

155 1652 297 1717 fuit
339 1652 795 1718 constitutus.
863 1653 975 1722 Ex
1038 1657 1207 1717 tunc
1262 1651 1395 1718 duo
1452 1652 1903 1720 Patriarchae
1948 1652 2285 1741 Syrorum
2336 1652 2585 1718 extite-

156 1761 338 1838 runt,
386 1780 513 1845 pro
559 1756 939 1824 Catholicis
1014 1758 1302 1839 scilicet,
1352 1762 1428 1825 et
1471 1781 1593 1846 pro
1637 1759 1967 1828 Iacobitis
2012 1781 2226 1847 usque
2281 1757 2368 1824 ad
2412 1759 2588 1825 hanc

157 1868 472 1945 aetatem,
525 1863 648 1951 qui
692 1886 825 1930 non
873 1868 1037 1929 sunt
1083 1886 1234 1929 cum
1264 1864 1699 1931 Patriarchis
1728 1864 2183 1931 Antiochenis
2212 1864 2588 1931 immiscen-

156 1969 245 2050 di,
294 1970 381 2036 ad
425 1991 660 2035 eorum
707 1969 952 2057 quippe
1003 1969 1250 2036 seriem
1294 1993 1427 2038 non
1473 1972 1852 2059 pertinent3
1889 1993 2044 2037 nam
2080 1970 2415 2060 Syrorum
2460 1971 2593 2037 Pa·-

155 2077 499 2144 triarchae
547 2077 958 2143 recentiores
991 2082 1157 2143 sunt
1187 2083 1271 2143 ut
1302 2100 1512 2166 supra
1540 2078 2005 2144 narravimus.
2040 2077 2239 2144 Nunc
2268 2077 2356 2143 ad
2382 2077 2584 2142 Patr.

156 2184 391 2250 seriem
438 2184 815 2250 redeamus.
868 2184 1196 2271 Deposito
1241 2184 1492 2251 Severo
1539 2184 1911 2251 haeretico·
1947 2170 1948 2173 Ἴ

277 2290 405 2357 LI.
453 2290 657 2356 Patr.
707 2290 946 2362 Paulus
989 2290 1170 2355 sedit
1214 2291 1256 2356 2
1302 2281 1418 2357 vel
1463 2290 1505 2355 3
1549 2294 1675 2355 aut
1721 2292 1762 2355 5
1808 2312 1923 2356 an.
1973 2289 2177 2356 iuxta
2221 2288 2460 2356 varias
2491 2288 2584 2355 le·

160 2395 433 2477 ctiones,
483 2400 559 2461 et
606 2417 721 2460 an.
770 2395 925 2475 521,
976 2416 1053 2461 eo
1099 2396 1546 2477 assentiente,
1597 2395 1945 2484 depositus
1990 2395 2153 2462 fuit.

281 2502 446 2569 LII.
500 2501 699 2567 Patr.
749 2500 1154 2591 Euphrasius
1200 2502 1381 2568 sedit
1427 2504 1468 2568 5
1512 2525 1623 2569 an.
1674 2505 1748 2568 et
1795 2523 1909 2568 an.
1960 2504 2091 2570 526
2119 2504 2319 2569 obiit.

277 2608 483 2675 LIII.
516 2608 717 2675 Patr.
747 2610 818 2682 S.
846 2609 1159 2700 Ephraem
1183 2609 1303 2696 qui
1327 2615 1566 2676 contra
1591 2610 1930 2676 haeresim
1946 2611 2147 2677 Iacob
2160 2610 2587 2678 Albaradith

156 2716 574 2805 Eutychetis
597 2721 671 2784 et
685 2716 994 2783 Dioscori
1018 2714 1321 2804 scripsit,
1336 2716 1518 2782 sedit
1540 2717 1629 2784 20
1650 2718 1764 2784 vel
1791 2719 1876 2785 18
1900 2741 2009 2783 an.
2033 2717 2359 2806 Tempore
2384 2718 2584 2784 Patr.

155 2820 223 2887 S.
256 2823 629 2910 Ephraem,
679 2823 968 2889 Armeni
1013 2824 1216 2889 Patr.
1265 2823 1695 2890 Antiocheno
1741 2822 2194 2889 obedientiam
2224 2829 2581 2910 praestare

153 2930 557 3012 noluerunt,
611 2936 684 2995 et
727 2929 1208 2996 Patriarcham
1253 2930 1708 2996 Armenorum
1754 2931 2271 2997 constituerunt
2317 2933 2589 2998 nomine

153 3035 609 3116 Catholicum,
630 3039 756 3102 aut
772 3036 1230 3102 Armenorum
1255 3037 1758 3118 Patriarcham,
1784 3041 1857 3103 et
1881 3037 2005 3102 hoc
2028 3036 2264 3103 evenit
2288 3059 2402 3103 an.
2432 3039 2585 3119 521,

158 3144 312 3210 dum
358 3145 430 3212 S.
486 3143 868 3231 Gregorius
929 3142 1377 3210 Illuminator
1423 3144 1765 3210 Armenae
1811 3143 2079 3210 nationi
2123 3143 2585 3231 Evangelium

153 3250 618 3337 praedicabat,
670 3253 848 3314 teste
896 3248 1098 3316 Card.
1151 3249 1471 3317 Baronio.
1523 3249 1871 3316 Fidelium
1909 3249 2195 3317 >numero
2243 3255 2468 3333 aucto,
2505 3252 2583 3316 in

154 3356 482 3422 Armenia
530 3353 704 3421 alios
749 3355 1115 3443 Episcopos
1176 3356 1712 3422 constituerunt.
1788 3356 2305 3443 Metropolitam
2351 3363 2585 3423 autem

156 3464 497 3529 habebant
535 3462 800 3528 nomine
839 3460 1271 3528 Catholicum
1296 3463 1776 3542 Armenorum,
1826 3462 2278 3529 Patriarchae
2335 3463 2587 3530 Antio·

154 3569 339 3636 chiae
388 3569 794 3635 subiectum.
848 3568 1050 3635 Anno
1085 3573 1315 3634 autem
1350 3570 1478 3634 535
1508 3568 1822 3650 Armeni,
1860 3570 2086 3636 Iacobi
2126 3569 2590 3638 Albaraditae

156 3675 496 3741 haeresim
543 3672 819 3760 sequuti
863 3678 1054 3755 sunt,
1084 3679 1159 3738 et
1189 3696 1365 3739 anno
1413 3676 1542 3740 650
1574 3675 1769 3741 illam
1800 3674 2114 3760 Macarii;
2150 3676 2589 3742 affirmabant

153 3786 382 3848 autem
428 3781 507 3846 in
553 3780 839 3846 Domino
907 3780 1161 3847 Nostro
1231 3782 1390 3848 Iesu
1436 3782 1560 3848 Ch.
1615 3805 1819 3848 unam
1864 3785 2214 3862 naturam,
2250 3804 2590 3867 unamque

154 3885 617 3952 voluntatem.
664 3886 812 3951 Hac
842 3885 923 3952 de
953 3908 1156 3952 causa
1189 3909 1420 3953 eorum
1465 3885 1865 3953 Catholicus
1909 3886 2109 3952 Patr.
2158 3886 2590 3953 Antiocheno

154 3993 609 4060 obedientiam
654 3992 1063 4079 denegavit,
1113 3997 1187 4058 et
1231 3995 1687 4060 Armenorum
1749 3994 1977 4080 Caput
2020 3991 2202 4075 fuit,
2252 3993 2434 4060 sicut
2479 3994 2590 4060 Ia·

155 4099 539 4166 cobitarum
564 4099 974 4165 Patriarcha
1004 4100 1186 4187 apud
1219 4097 1455 4185 Syros;
1499 4106 1573 4164 et
1609 4123 1742 4165 non
1774 4100 1992 4167 solum
2022 4100 2220 4165 Patr.
2257 4099 2583 4166 Antioch.

157 4205 445 4290 dimisit,
498 4206 617 4274 sed
660 4206 871 4272 etiam
916 4229 958 4273 a
1003 4205 1256 4273 Sancta
1304 4206 1611 4273 Romana
1679 4206 1987 4274 Ecclesia
2058 4206 2363 4272 recessit.
2430 4205 2592 4272 Ideo

154 4311 442 4380 Armeni
490 4335 535 4378 a
577 4310 953 4379 Catholicis
1022 4318 1188 4379 sunt
1255 4314 1560 4401 separati
1629 4317 1702 4380 et
1761 4312 2013 4394 divisi,
2087 4316 2160 4378 et
2206 4313 2333 4378 hoc
2401 4312 2591 4379 modo

154 4442 361 4509 usque
411 4420 505 4487 ad
551 4442 802 4486 annum
851 4420 1024 4486 1080
1092 4423 1637 4507 permanserunt.
1714 4420 1861 4486 Hoc
1905 4441 2082 4484 anno
2127 4418 2590 4485 Armenorum

155 4525 576 4594 Patriarcha
621 4549 758 4592 una
805 4548 954 4592 cum
1001 4530 1205 4612 gente
1252 4548 1378 4592 sua
1421 4525 1623 4591 Pont.
1676 4526 1871 4592 Rom.
1925 4527 1996 4593 S.
2028 4525 2361 4613 Gregorio
2408 4523 2592 4592 VIII

156 4655 223 4699 se
267 4632 589 4701 subiecit.
654 4632 795 4698 Ast
838 4631 1044 4720 paulo
1084 4637 1246 4719 ‘post
1291 4632 1547 4698 iterum
1592 4629 1930 4699 haeretici
1976 4635 2373 4714 evaserunt,
2424 4629 2593 4697 licet
