3525 5454
1925 436 1990 447 —
2031 408 2098 459 18
2136 436 2202 447 ..-

984 508 1325 577 XLVIII.
1375 509 1572 575 Patr.
1610 504 1942 583 Palladius
1987 507 2173 576 sedit
2227 510 2313 575 10
2357 532 2501 591 an.,
2553 515 2627 576 et
2671 532 2761 576 an
2805 511 2967 578 496.
3020 511 3219 577 obiit.

980 614 1246 681 XLIX.
1295 614 1491 681 Patr.
1527 613 1879 689 flavianus
1941 613 2122 682 sedit
2170 614 2371 681 iuxta
2419 616 2771 682 variorum
2810 617 3158 704 opiniones
3191 620 3282 685 17

851 722 960 788 vel
1008 724 1071 789 7.
1125 722 1211 789 13
1240 726 1369 788 aut
1401 722 1488 789 14
1531 743 1643 803 an,
1711 727 1785 788 et
1823 723 1908 788 ab
1953 724 2125 808 Imp.
2183 721 2559 788 Anastasio
2607 743 2721 788 an.
2759 723 2890 789 513
2938 722 3296 810 depositus

850 834 979 896 est.

982 935 1070 1002 L.
1146 937 1344 1002 Patr.
1423 935 1705 1007 Severus
1772 934 2188 1011 haereticus,
2271 935 2472 1001 Iacob
2544 936 2850 1002 Baradai
2896 936 3238 1025 magister
3276 986 3293 1019 ,

851 1042 973 1133 qui
1019 1066 1224 1110 unam
1271 1043 1345 1108 in
1391 1042 1673 1110 Christo
1716 1048 2041 1109 naturam
2088 1064 2230 1109 esse
2276 1043 2694 1111 affirmabat.
2744 1046 2885 1112 Ast
2914 1046 3290 1113 Chalcedo-

850 1173 1056 1218 nense
1116 1149 1491 1217 Concilium
1538 1172 1689 1217 eum
1757 1150 2254 1233 condemnavit,
2308 1173 2444 1238 qua
2489 1151 2570 1218 de
2616 1174 2821 1219 causa
2865 1154 3011 1241 ipse
3057 1176 3291 1220 omnes
3381 1152 3386 1161 '

851 1257 1222 1325 catholicos
1246 1258 1804 1345 persequebatur,
1834 1256 2015 1324 sedit
2036 1258 2078 1323 6
2104 1279 2248 1340 an.,
2281 1262 2355 1325 et
2378 1258 2463 1323 ab
2494 1259 2670 1347 Imp.
2696 1259 2973 1326 Iustino
3003 1281 3118 1326 an.
3155 1258 3289 1325 519

849 1362 925 1429 in
969 1360 1255 1430 exilium
1301 1362 1571 1443 missus,
1622 1361 1721 1429 ibi
1754 1384 1967 1450 usque
2000 1362 2089 1429 ad
2120 1385 2375 1429 annum
2407 1363 2537 1430 53ss
2569 1363 2779 1431 vixit.
2829 1365 3084 1432 Eodem
3115 1372 3288 1431 tem·

850 1491 1011 1556 pore
1036 1469 1320 1537 vivebat
1342 1470 1542 1537 Iacob
1564 1470 1990 1552 BaradaeuS,
2025 1492 2147 1537 seu
2168 1469 2514 1536 Zanzalus
2536 1469 2777 1537 Rahae
2802 1471 3099 1539 Edessae
3123 1472 3292 1560 Epi-

848 1600 1108 1666 scopus,
1145 1578 1264 1664 qui
1295 1577 1367 1642 in
1398 1575 1678 1643 Christo
1702 1599 1910 1643 unam
1935 1582 2258 1643 naturam
2285 1597 2427 1642 esse
2455 1575 2723 1644 dicebat
2758 1579 3012 1665 absque
3035 1578 3290 1644 unione

850 1689 924 1752 et
970 1683 1600 1765 transformatione,
1644 1684 1815 1749 duas
1845 1704 2009 1749 vero
2056 1682 2463 1769 denegabat,
2511 1682 2661 1749 eius
2702 1688 3081 1750 sectatores
3116 1682 3292 1772 Syri

847 1791 1216 1871 Iacobitae,
1245 1813 1286 1856 a
1310 1790 1508 1857 Iacob
1534 1789 1829 1868 dicti,ab
1840 1787 2003 1854 aliis
2027 1787 2410 1856 Catholicis
2441 1787 2673 1857 avulsi
2699 1793 2887 1871 sunt,
2917 1789 3037 1877 qui
3051 1789 3292 1855 Patri-

846 1901 1094 1967 archae
1155 1898 1585 1966 Antiocheno
1634 1900 1837 1963 erant
1882 1895 2197 1980 subiecti;
2253 1895 2550 1963 Severus
2596 1895 2807 1962 exilio
2853 1896 3244 1963 mulctatus
3272 1946 3287 1977 ,

847 2006 1030 2095 apud
1055 2007 1254 2073 Iacob
1300 2004 1712 2092 discipulum
1759 2025 1956 2069 suum
2003 2002 2076 2068 in
2109 2002 2672 2091 Mesopotamiam
2705 2026 2847 2071 sese
2879 2004 3167 2092 recepit,
3205 2005 3293 2070 ab

848 2111 1021 2200 ipsis
1050 2110 1375 2178 Iacobitis
1418 2110 1786 2177 honorifice
1817 2113 2165 2195 exceptuS‚
2186 2113 2270 2174 ut
2291 2131 2411 2196 per
2444 2109 2626 2197 ipsos
2656 2114 2876 2196 patet,
2913 2110 3079 2197 quia
3109 2115 3293 2175 tam—

853 2239 1054 2304 quam
1088 2216 1412 2283 Sanctum
1444 2216 1760 2281 venerati
1810 2219 2000 2294 sunt,
2052 2219 2125 2281 et
2170 2213 2526 2302 proprium
2550 2214 2700 2280 eius
2722 2216 2977 2280 festum
3021 2219 3297 2282 statue-

849 2327 1018 2388 runt
1050 2327 1397 2411 tamquam
1428 2322 1689 2409 proprii
1720 2322 2198 2405 Patriarchae,
2239 2322 2360 2387 hoc
2383 2321 2574 2388 modo
2606 2343 2837 2387 eorum
2868 2321 3295 2389 Patriarcha

847 2430 1275 2498 constitutus
1328 2435 1457 2497 est.
1517 2430 1687 2496 Post
1752 2429 1903 2496 eius
1949 2434 2236 2495 mortem
2291 2449 2505 2515 usque
2559 2428 2648 2494 ad
2693 2432 2933 2505 nostra
2977 2433 3297 2517 tempora

849 2537 1416 2603 Patriarcharum
1501 2557 1844 2602 successor
1858 2557 1928 2601 es
2017 2534 2362 2601 Iacobitae
2419 2533 2839 2616 habuerunt,
2898 2535 3116 2602 titulo
3161 2536 3299 2602 Pa-

845 2643 1195 2710 triarchae
1239 2642 1682 2725 Antiocheni,
1728 2647 1815 2708 ut
1851 2663 2192 2708 successor
2241 2639 2485 2705 Severi
2532 2639 2694 2706 Pat.
2735 2638 2867 2706 Sed
2928 2641 3052 2708 hoc
3082 2641 3291 2723 falso,

842 2773 1022 2832 nam,
1073 2749 1232 2815 dum
1261 2750 1557 2817 Severus
1589 2751 1672 2814 ab
1703 2749 2136 2815 Antiochena
2168 2746 2338 2813 Sede
2373 2746 2520 2812 fuit
2556 2748 2936 2834 depositus,
2972 2748 3292 2815 Patriar-

838 2855 1101 2923 chalem
1147 2855 1357 2922 etiam
1403 2855 1896 2922 auctoritatem
1941 2851 2202 2933 amisit,
2255 2857 2329 2918 et
2376 2852 2594 2919 solum
2641 2853 3108 2920 Iacobitarum
3153 2855 3288 2921 Pa·

841 2962 1153 3028 triarcha
1199 2961 1556 3029 remansit.
1592 2957 1935 3026 Catholici
1968 2957 2145 3022 enim
2179 2962 2334 3044 post
2359 2957 2509 3024 eius
2539 2957 3026 3046 depositionem
3064 2959 3288 3026 alium

839 3070 1040 3135 Patr.
1113 3068 1378 3135 nomine
1455 3065 1747 3132 Paulum
1815 3063 2180 3151 elegerunt
2213 3114 2226 3146 ,
2302 3063 2541 3131 deinde
2617 3065 2995 3152 Ephasium
3029 3116 3042 3147 ‚
3125 3073 3288 3156 post

839 3176 912 3242 S.
971 3174 1314 3261 Ephraem
1361 3177 1433 3239 et
1480 3172 1575 3238 sic
1621 3171 1817 3252 alios,
1856 3170 1964 3237 ita
1993 3176 2077 3237 ut
2109 3170 2258 3252 isti,
2310 3171 2460 3236 veri
2508 3171 2685 3238 Ant.
2720 3171 2920 3238 Patr.
2971 3172 3287 3254 fuerint,

837 3303 972 3347 non
997 3281 1117 3368 qui
1143 3280 1392 3347 Severo
1438 3279 1910 3346 succedebant.
1960 3276 2428 3344 Iacobitarum
2476 3277 2678 3345 Patr.
2728 3278 2922 3366 prius
2951 3278 3026 3344 in
3060 3302 3293 3347 mona-

840 3387 1054 3454 sterio
1100 3384 1480 3474 Zephereni
1526 3384 1834 3464 vivebat,
1885 3383 2064 3469 apud
2113 3382 2412 3464 Mal-din,
2492 3404 2673 3448 nunc
2715 3406 2879 3451 vero
2927 3384 3001 3450 in
3058 3386 3294 3453 Amad

833 3493 1015 3560 idest
1036 3492 1210 3559 Diar
1253 3491 1533 3572 Barcki,
1570 3495 1643 3555 et
1673 3489 1932 3577 gaudet
1977 3488 2317 3576 appellari
2349 3489 2675 3576 Ignatius
2707 3491 3038 3558 Antioch.
3073 3492 3288 3560 Patr.

832 3603 917 3665 ut
962 3599 1220 3665 indicet
1286 3597 1357 3663 S.
1408 3596 1605 3663 Petri
1649 3596 1789 3682 Ap.
1839 3595 1912 3661 in
1957 3595 2083 3660 illo
2151 3596 2348 3661 Patr.
2421 3617 2566 3662 esse
2613 3619 3080 3665 successorem.
3148 3598 3287 3666 Sed

831 3727 954 3771 nos
1000 3726 1210 3791 supra
1241 3702 1858 3769 demonstravimus
1882 3723 2014 3766 non
2046 3701 2429 3787 Ignatium,
2466 3702 2583 3769 sed
2613 3703 2948 3771 Evodium
2969 3704 3041 3771 S.
3075 3705 3283 3772 Petri

830 3832 1279 3878 successorem
1324 3809 1399 3875 in
1442 3808 1943 3875 Patriarchatu
1986 3806 2226 3889 fuisse,
2276 3811 2457 3873 teste
2504 3807 2647 3895 ipso
2695 3808 2767 3875 S.
2816 3810 3122 3897 IgnatiO.

961 3917 1423 3987 Iacobitarum
1469 3920 1699 3981 autem
1744 3912 2157 3979 Patriarcha
2235 3913 2358 3979 sub
2427 3913 2908 3982 iurisdictione
2975 3916 3282 3985 habebat

832 4027 873 4092 ὅ
897 4025 1226 4112 Archiep.
1261 4028 1333 4089 et
1367 4026 1407 4090 ὅ
1430 4022 1662 4109 Episc.
1710 4018 1984 4107 proprio
2017 4019 2283 4085 nomine
2317 4026 2675 4089 vocantur.
2714 4024 2780 4089 1.
2812 4023 3032 4089 Arch.
3067 4023 3276 4092 Diar-

829 4131 1050 4213 bekir,
1079 4129 1559 4218 appellabatur
1583 4125 1988 4213 Dionysius,
2008 4147 2189 4191 nunc
2213 4125 2472 4192 dicitur
2497 4127 2918 4195 Timotheus.
2948 4131 3016 4196 2.
3048 4130 3274 4199 Arch.

827 4237 1112 4318 Mossul,
1162 4234 1493 4303 Basilius.
1544 4234 1585 4298 3
1630 4232 1850 4299 Arch.
1923 4231 2200 4313 Madau,
2272 4230 2607 4320 Cyrillus.
2645 4235 2692 4301 4
2720 4234 2938 4302 Arch.
2986 4235 3273 4325 Aleppi,

826 4342 1229 4430 Dionysius.
1259 4343 1324 4407 ὅ.
1360 4339 1578 4406 Arch.
1612 4336 2013 4417 Ierusalem,
2051 4336 2457 4425 Gregorius.
2491 4338 2811 4427 Episcopi
2840 4342 3074 4405 autem
3107 4348 3281 4410 sunt

830 4451 867 4520 1
917 4449 1230 4537 Episcop.
1274 4445 1583 4513 'Mardin
1654 4448 1725 4511 et
1773 4442 2034 4510 Nisibis
2102 4443 2565 4512 Athanasius.
2633 4445 2701 4512 2.
2768 4446 2899 4534 Ep.
2972 4446 3281 4518 Edessae

827 4555 1147 4623 Severus.
1176 4556 1217 4620 3
1245 4555 1376 4641 Ep.
1421 4552 1812 4639 Algesyrae
1861 4548 2115 4615 Iulius.
2161 4551 2226 4615 4.
2273 4549 2404 4638 Ep.
2455 4549 2796 4640 Giorgiay
2805 4601 3276 4626 .......
