3525 5454
132 5077 193 5090 Am

202 5085 575 5341 X
704 5293 717 5298 h

1908 492 1975 502 -.
2020 465 2086 515 15
2126 491 2191 502 ..-

826 564 1143 631 triarcha
1217 564 1693 632 Antiochenus
1762 564 2009 632 refert.
2058 563 2317 631 Deinde
2365 564 2438 629 in
2497 564 3055 653 Mesopotamiam
3073 567 3265 635 inter

829 670 1209 738 Chaldaeos
1256 671 1625 738 Nestorius
1671 671 2006 738 haeresim
2040 692 2231 736 suam
2276 670 2678 753 transtulit,
2708 694 2909 759 quam
2942 673 3273 741 Chaldaei

830 775 1206 863 amplexati
1254 782 1443 859 sunt,
1494 783 1568 843 et
1613 800 1655 843 a
1701 776 2051 858 NestoriO,
2079 776 2478 843 Nestoriani
2510 781 2677 842 sunt
2707 778 3076 866 appellati.
3108 779 3276 847 Exi-

830 882 1125 948 stimant
1169 881 1295 949 alii
1342 904 1473 949 non
1519 883 1732 949 fuisse
1779 904 1821 947 a
1867 881 2192 948 Nestorio
2239 880 2425 947 inter
2488 881 2869 950 Chaldaeos
2937 884 3277 952 haeresim

829 988 1006 1054 hanc
1051 988 1494 1071 translatam,
1545 989 1664 1055 sed
1707 1011 1750 1056 a
1795 991 2131 1055 Barsuma
2174 986 2523 1074 Nysibeno
2569 987 2928 1076 Episcopo,
2977 990 3095 1077 qui
3129 1013 3280 1056 eam

826 1095 1300 1183 promulgavit
1355 1095 1543 1162 inter
1575 1095 1955 1163 Chaldaeos
1986 1100 2285 1181 tempore
2319 1093 2698 1160 Iustiniani
2729 1095 2903 1182 Imp.
2945 1102 3021 1161 et
3050 1119 3280 1162 omnes

828 1199 943 1266 illi
969 1199 1089 1288 qui
1112 1202 1485 1267 Barsumae
1511 1200 1848 1267 haeresim
1867 1200 2353 1288 sequebantur,
2376 1200 2774 1267 Nestoriani
2794 1206 2963 1266 sunt
2980 1202 3279 1289 appella-

828 1305 915 1370 ti.
944 1304 1204 1371 Deinde
1230 1305 1677 1393 Metropolita
1701 1304 2124 1394 Babyloniae
2148 1304 2539 1372 Catholicos
2563 1304 2789 1372 dictus
2814 1306 3279 1373 constituitur

832 1412 961 1476 sub
1006 1409 1478 1480 iurisdictione
1523 1411 1946 1479 Antiocheni
1990 1411 2465 1477 Patriarchae.
2516 1409 2684 1477 Cum
2730 1415 2964 1477 autem
3009 1414 3096 1478 ab
3151 1413 3279 1479 hoc

829 1516 1244 1585 Patriarcha
1299 1517 1554 1583 reiecta
1586 1518 1891 1584 haeresis
1921 1516 2230 1586 Nestorii
2288 1517 2562 1599 fuisset,
2601 1517 2830 1584 noluit
2862 1540 2931 1584 se
2976 1519 3271 1586 subiice-

834 1643 933 1703 re,
985 1627 1057 1689 et
1079 1623 1558 1691 Patriarcham
1603 1626 2051 1715 Babyloniae,
2101 1630 2229 1692 aut
2274 1623 2841 1692 Nestorianorum
2873 1646 2944 1691 se
2975 1626 3272 1707 creavit,

831 1736 905 1799 et
950 1730 1047 1796 sic
1114 1730 1442 1798 Chaldaei
1490 1734 1573 1798 ab
1617 1732 1781 1799 aliis
1850 1731 2245 1798 nationibus
2318 1729 2770 1798 Patriarchae
2839 1730 3277 1797 Antiocheno

831 1838 1183 1921 subiectis,
1219 1844 1386 1905 sunt
1416 1838 1747 1928 separati.
1798 1838 2067 1905 Exinde
2114 1837 2465 1926 proprium
2496 1837 3265 1904 Patriarchamconsti-

829 1948 1125 2011 tuerunt
1153 1945 1260 2012 ita
1289 1952 1374 2012 ut
1418 1968 1629 2034 usque
1655 1945 1742 2012 ad
1766 1967 2016 2011 annum
2067 1946 2239 2012 1550
2270 1967 2502 2011 eorum
2534 1942 2747 2009 series
2778 1942 3272 2030 protrahatur.

830 2051 971 2118 Ast
1017 2050 1255 2119 deinde
1302 2051 1412 2118 hic
1458 2074 1598 2117 mos
1644 2050 1994 2139 proprium
2040 2049 2520 2116 Patriarcham
2567 2048 3037 2115 constituendi
3099 2047 3275 2114 desi-

832 2156 967 2238 nit,
1018 2156 1315 2245 duosque
1361 2157 1810 2224 Patriarchas
1855 2158 2269 2241 habuerunt;
2324 2156 2501 2222 unde
2547 2154 2710 2222 Elia
2774 2156 2975 2221 Patr.
3026 2155 3268 2222 defun-

830 2266 967 2343 ct0,
1002 2261 1185 2328 alius
1229 2263 1426 2330 Elias
1471 2263 1770 2330 eiusdem
1816 2263 2146 2345 familiae,
2197 2262 2437 2329 deinde
2482 2263 2666 2329 alius
2710 2262 3010 2329 eiusdem
3054 2264 3270 2331 nomi-

827 2367 938 2433 nis
984 2369 1329 2452 successit,
1381 2376 1453 2435 et
1498 2370 1596 2437 sic
1639 2370 2198 2451 Patriarchatus,
2247 2369 2551 2437 familiae
2618 2369 2818 2436 illius
2864 2372 3265 2439 haereditas

828 2475 1078 2540 evasit.
1116 2474 1285 2543 Cum
1317 2476 1440 2542 hoc
1469 2476 1744 2565 quidam
1775 2477 2198 2559 Nestoriani,
2219 2476 2590 2544 Armeniae
2622 2477 2954 2543 montium
2979 2478 3271 2562 incolae,

829 2601 1033 2667 aegre
1058 2581 1352 2664 ferrent,
1386 2582 1583 2649 Eliae
1607 2582 2059 2649 Patriarchae
2085 2583 2351 2650 obedire
2381 2583 2783 2665 noluerunt,
2804 2588 2877 2650 et
2892 2583 3024 2649 sibi
3050 2583 3273 2650 alium

828 2685 1311 2754 Patriarcham
1379 2687 1646 2754 nomine
1716 2687 2090 2755 Simeonem
2138 2687 2523 2776 elegerunt,
2573 2688 2661 2756 ad
2727 2689 2920 2756 cuius
2981 2694 3276 2758 mortem

832 2792 1050 2859 alium
1094 2793 1468 2861 Simeonem
1515 2818 1600 2862 ex
1646 2795 1877 2862 eadem
1923 2795 2192 2862 familia
2237 2796 2652 2878 habuerunt,
2701 2805 2774 2864 et
2804 2797 2902 2864 sic
2932 2820 3149 2885 usque
3181 2799 3277 2866 ad

833 2905 1140 2967 nostram
1174 2908 1473 2971 aetatem
1504 2903 1653 2985 isti,
1688 2903 2139 2969 Patriarchas
2165 2903 2684 2969 constituerunt
2712 2905 2835 2970 sub
2866 2904 3136 2972 nomine
3166 2905 3276 2973 Si-

829 3007 1107 3089 meonis,
1158 3008 1283 3074 alii
1331 3012 1455 3077 sub
1501 3010 1699 3078 Eliae
1732 3009 2025 3076 nomine.
2060 3008 2260 3076 Elias
2292 3012 2523 3074 autem
2553 3009 3004 3077 Patriarchae
3028 3011 3273 3078 Orien-

828 3113 1001 3180 talis
1046 3115 1337 3182 titulum
1412 3116 1805 3204 usurpavit,
1865 3121 1939 3181 et
1989 3115 2196 3181 habet
2241 3115 2579 3181 subiectos
2633 3120 2932 3202 quatuor
2995 3117 3277 3204 Episco-

829 3247 973 3314 Ροε,
1028 3224 1208 3290 idest
1250 3223 1553 3305 Persiae,
1601 3222 1912 3312 Nysibis,
1965 3223 2297 3302 Basarat,
2374 3219 2613 3301 Mosel,
2663 3224 2737 3308 et
2782 3220 3019 3307 plures
3092 3223 3275 3289 alios

829 3331 974 3397 Ast
1047 3327 1339 3409 Simeon,
1406 3328 1904 3395 Chaldaeorum
1966 3325 2380 3392 Patriarcha
2441 3324 2691 3412 passim
2755 3325 3013 3392 dicitur
3054 3377 3069 3408 ,
3138 3330 3275 3396 sub

830 3435 979 3502 eius
1024 3433 1497 3501 iurisdictione
1543 3438 1690 3500 tres
1735 3431 2252 3520 Archiepiscopi
2283 3436 2356 3496 et
2386 3429 2662 3518 Viginti
2694 3430 3013 3518 Episcopi
3061 3438 3266 3500 sunt.

829 3544 1036 3609 Anno
1109 3542 1279 3609 1685
1346 3540 1621 3630 quidam
1686 3540 2023 3622 Monachi‚
2074 3538 2468 3606 Catholicae
2537 3538 2697 3604 fidei
2741 3545 3269 3627 propagatores,

829 3649 1066 3737 plures
1120 3648 1565 3715 Nestorianos
1630 3649 1717 3715 ad
1779 3668 2012 3715 veram
2094 3646 2291 3713 fidem
2359 3646 2843 3728 adduxerunt,
2916 3650 3037 3735 qui
3112 3673 3276 3737 pro-

829 3756 1059 3845 prium
1089 3756 1441 3822 Pastorem
1471 3755 1557 3822 ad
1587 3753 2104 3842 gubernandum
2135 3775 2269 3818 non
2293 3754 3130 3834 habentes,Innocentium
3161 3758 3276 3825 XI

831 3863 958 3950 Pp.
1008 3862 1090 3928 de
1137 3861 1445 3928 omnibus
1490 3863 1848 3928 certiorem
1881 3861 2167 3942 factum,
2205 3864 2632 3947 rogaverunt
2678 3883 2799 3948 pro
2831 3861 3277 3930 constitutio-

831 3992 919 4036 ne
986 3965 1435 4036 Patriarchae
1503 3968 1589 4035 ad
1635 3990 1746 4034 eos
1815 3968 2233 4055 dirigendos.
2308 3967 2586 4035 Annuit
2658 3989 2889 4033 eorum
2951 3968 3274 4054 precibus

831 4075 1149 4143 Summus
1216 4074 1543 4143 Pontifex
1587 4079 1661 4143 et
1705 4075 1931 4142 eodem
1980 4097 2194 4157 ann0,
2243 4072 2722 4141 Patriarcham
2767 4073 2867 4141 eis
2936 4077 3274 4143 concessit

831 4184 1098 4249 nomine
1144 4182 1507 4270 Iosephum
1554 4182 1627 4248 in
1678 4181 1971 4249 civitate
2016 4179 2421 4263 Diarbhkir,
2458 4180 2577 4268 qui
2610 4179 3104 4248 Chaldaeorum
3135 4182 3278 4249 Pa-

832 4288 1144 4356 triarcha
1190 4289 1614 4370 nominatur,
1664 4292 1738 4353 et
1785 4287 1885 4353 sic
1929 4293 2076 4353 tres
2106 4285 2556 4353 Patriarchae
2586 4309 2710 4374 pro
2764 4285 3130 4355 Chaldaeis
3159 4289 3267 4356 in-

836 4397 1237 4479 veniuntur,
1289 4396 1421 4463 duo
1467 4417 1589 4483 pro
1634 4393 2032 4476 haereticis,
2105 4393 2290 4460 alius
2335 4416 2455 4481 pro
2526 4391 2925 4459 Catholicis.
2993 4394 3266 4466 Exinde

828 4506 1043 4574 etiam
1088 4504 1435 4593 intelligit
1466 4504 1687 4571 lector
1718 4501 2097 4569 Chaldaeos
2140 4522 2505 4587 numquam
2537 4500 2984 4567 Patriarchas
3014 4499 3269 4569 Antio-

824 4615 1075 4680 chenos
1099 4611 1336 4696 fuisse;
1375 4610 1630 4679 etenim
1653 4607 2156 4676 Chaldaeorum
2185 4605 2600 4674 Patriarcha
2620 4607 2814 4694 prius
2835 4611 2993 4675 erat
3021 4604 3273 4676 Catho—
