3525 5454
1361 503 1425 513 ..
1464 476 1532 526 15
1570 502 1634 513 -.

268 594 384 640 ⁴mo
405 595 589 640 anno
612 596 773 641 suae
796 573 1150 640 electionis
1172 575 1257 639 ab
1278 574 1567 640 Arianis
1592 574 1941 662 depositus
1965 575 2130 658 fuit,
2150 584 2224 642 et
2248 577 2396 643 eius
2421 576 2563 643 loco
2584 576 2722 644 Eu-

277 680 472 746 zoius
515 679 825 747 Arianus
872 681 1132 747 electus
1177 686 1285 748 est
1330 705 1442 748 an.
1498 683 1651 765 360,
1701 683 1822 771 qui
1855 685 2035 752 sedit
2066 685 2106 751 7
2137 707 2249 750 an.
2287 691 2360 752 et
2390 707 2567 752 anno
2594 686 2727 752 367

281 788 483 869 obiit,
535 788 758 855 adhuc
808 787 1013 854 exule
1061 787 1135 854 S.
1170 788 1482 854 Meletio.
1514 789 1745 856 Primo
1776 795 2009 856 autem
2041 795 2343 879 tempore
2373 791 2731 879 regiminis

279 893 554 976 Euzoii,
589 892 1100 961 Catholicorum
1133 894 1548 961 Patriarcha
1576 895 1871 983 eligitur
1902 895 1977 964 S.
2010 897 2350 964 Paulinus
2381 898 2502 986 qui
2533 898 2717 964 sedit

280 1022 401 1066 an.
449 1001 538 1067 27
583 1004 656 1068 et
701 999 873 1066 obiit
919 1023 1033 1067 an.
1070 1001 1223 1068 389.
1263 1001 1493 1067 Huius
1522 1000 1881 1070 electionis
1912 1024 2117 1069 causa
2148 1004 2441 1071 schisma
2470 1005 2544 1071 in
2574 1009 2722 1072 An-

284 1104 605 1171 tiochena
636 1104 942 1172 Ecclesia
974 1111 1202 1171 ortum
1235 1111 1365 1187 est,
1400 1105 1676 1194 quidam
1708 1108 1888 1173 enim
1920 1107 2456 1190 Catholicorum,
2506 1110 2727 1179 S.Me-

284 1212 560 1293 letium,
610 1211 737 1278 alii
782 1212 873 1288 S„
905 1210 1274 1278 Paulinum
1320 1214 1806 1301 sequebantur.
1858 1214 2163 1297 Interea,
2201 1215 2458 1282 Euzoio
2483 1216 2725 1282 defun-

284 1324 424 1399 cto,
474 1317 730 1385 Ariani
774 1318 1195 1384 Dorotheum
1245 1316 1631 1406 elegerunt,
1682 1342 1815 1407 quo
1848 1324 2142 1401 mortuo,
2180 1321 2253 1386 in
2284 1321 2729 1388 Antiochena

283 1423 460 1491 Sede
504 1423 636 1489 duo
681 1421 1131 1489 Patriarchae
1176 1423 1490 1506 fuerunt,
1564 1425 1832 1492 scilicet
1900 1425 1972 1491 S.
2025 1426 2351 1492 Meletius
2398 1427 2586 1509 exul,
2657 1430 2731 1493 et

283 1529 364 1597 S.
411 1529 774 1596 Paulinus.
824 1527 993 1595 Cum
1041 1532 1272 1595 autem
1317 1529 1390 1595 in
1436 1530 1725 1597 secundo
1771 1529 2074 1598 Concilio
2121 1554 2207 1598 ex
2237 1532 2365 1598 hac
2396 1532 2549 1598 vita
2597 1532 2723 1597 mi-

285 1641 566 1725 grasset
610 1633 681 1702 S.
732 1634 1078 1716 Meletius‚
1130 1635 1378 1701 Patres
1424 1636 1498 1701 in
1544 1635 1773 1703 eodem
1820 1635 2144 1704 Concilio.
2197 1660 2312 1704 an.
2364 1639 2522 1705 381.

424 1743 698 1809 XXXI.
749 1743 825 1810 S.
895 1742 1270 1816 flavianum
1338 1743 1749 1830 elegerunt,
1800 1743 1922 1832 qui
1966 1744 2149 1811 sedit
2209 1768 2322 1811 an.
2387 1746 2476 1812 23
2521 1744 2635 1811 vel
2683 1745 2727 1811 6

288 1855 370 1916 et
433 1871 549 1915 an.
613 1850 748 1917 404
813 1850 1012 1916 obiit.
1088 1850 1256 1916 Post
1330 1850 1480 1916 eius
1525 1851 1923 1917 electionem
1991 1851 2216 1918 adhuc
2281 1851 2727 1918 Patriarcha-

288 1960 442 2021 tum
518 1952 592 2020 S.
668 1954 1008 2020 Paulinus
1074 1955 1468 2038 retinebat,
1557 1957 1676 2044 qui
1762 1959 1993 2024 tamen
2070 1961 2235 2024 ante
2310 1956 2729 2023 Flavianum

290 2079 411 2123 an.
463 2057 594 2124 399
653 2057 849 2138 obiit,
900 2061 975 2124 et
1018 2056 1092 2122 in
1159 2057 1308 2123 eius
1356 2057 1576 2124 locum
1630 2059 1994 2147 elegerunt
2069 2060 2478 2147 Evagrium.
2559 2059 2727 2142 Qui-

288 2163 446 2229 dam
517 2184 666 2227 cum
734 2161 1041 2249 Evagrio
1107 2165 1731 2248 communicabant,
1797 2166 2074 2256 quidam
2142 2189 2304 2234 vero
2359 2168 2729 2256 sequeban-

288 2275 418 2335 tur
464 2269 537 2336 S.
585 2268 1029 2335 Flavianum.
1079 2269 1273 2337 Sedit
1318 2271 1669 2358 Evagrius
1716 2274 1757 2340 3
1803 2296 1919 2341 an.
1949 2274 2063 2340 vel
2111 2276 2174 2361 5,
2212 2275 2389 2341 obiit
2417 2298 2532 2342 an.
2571 2277 2728 2344 392.

292 2379 502 2444 Anno
548 2375 799 2445 decimo
831 2376 1049 2463 primo
1080 2377 1613 2444 Patriarchatus
1644 2378 2092 2462 S.Flaviani‚
2129 2386 2505 2449 sectatores
2527 2382 2601 2449 S.
2637 2382 2730 2449 E-

289 2484 529 2573 vagrii
574 2491 648 2551 et
692 2484 766 2551 S.
815 2484 1096 2550 Paulini
1156 2506 1306 2550 cum
1380 2485 1718 2552 Flaviano
1787 2487 2046 2556 iterum
2114 2490 2731 2557 communicarunt.

286 2597 633 2663 Defuncto
679 2592 756 2660 S.
804 2591 1143 2659 Flaviano
1190 2615 1305 2658 an.
1352 2594 1489 2661 404
1554 2593 1862 2661 omnibus
1929 2596 2493 2664 convenientibus
2560 2595 2724 2663 Suc-

288 2723 622 2770 cessorem
667 2700 1030 2786 elegerunt

428 2808 738 2876 XXXII.
786 2807 984 2872 Patr.
1038 2806 1428 2898 Porphyrius
1473 2807 1593 2896 qui
1639 2809 1844 2876 sedit.
1896 2833 2008 2877 an.
2058 2812 2106 2877 4
2160 2810 2274 2878 vel
2304 2810 2412 2891 10,
2442 2813 2516 2875 et
2560 2808 2737 2875 obiit

290 2941 389 2984 an
432 2916 590 2984 408.

385 3020 736 3088 XXXIII.
808 3018 1170 3092 Alexander
1236 3019 1355 3108 qui
1400 3019 1582 3085 sedit
1627 3041 1739 3086 an.
1794 3021 1835 3085 3
1880 3021 1994 3088 vel
2038 3023 2086 3087 4
2129 3021 2332 3087 iuxta
2380 3019 2610 3088 varios
2666 3022 2742 3084 et

294 3152 418 3197 an.
466 3127 623 3193 411.
674 3124 849 3190 obiit

433 3231 768 3299 XXXIV.
817 3229 1186 3303 Theodotus
1233 3230 1351 3318 qui
1395 3241 1470 3298 et
1514 3229 1905 3297 Brudutius
1951 3231 2136 3298 sedit
2181 3254 2296 3298 an.
2361 3230 2445 3297 16
2499 3226 2614 3296 vel
2666 3229 2736 3309 4,

295 3343 432 3406 aut
477 3341 519 3404 6
564 3337 767 3402 iuxta
811 3336 1164 3402 variorum
1209 3335 1580 3422 opiniones,
1632 3359 1744 3402 an.
1796 3338 1931 3403 427
1976 3336 2175 3402 obiit.

438 3443 732 3512 XXXV.
783 3443 1058 3516 Ioannes
1104 3441 1284 3508 sedit
1333 3442 1416 3508 13
1445 3465 1557 3508 an.
1597 3442 1709 3510 vel
1758 3444 1896 3526 11„
1948 3449 2022 3508 et
2051 3443 2201 3509 eius
2231 3445 2465 3508 aetate
2512 3440 2742 3527 Ephe-

297 3552 530 3619 sinum
601 3548 980 3616 Concilium
1048 3552 1289 3613 contra
1362 3547 1761 3614 Nestorium
1837 3549 2254 3615 celebratum
2330 3547 2498 3630 fuit3
2567 3544 2744 3612 obiit

300 3681 421 3727 an.
455 3656 614 3723 440.

437 3762 748 3830 XXXVI
790 3763 1065 3835 Domus
1112 3759 1294 3827 sedit
1322 3783 1434 3827 an.
1471 3762 1536 3842 9,
1588 3761 1702 3828 vel
1733 3761 1846 3845 21„
1882 3761 1995 3828 vel
2022 3763 2087 3842 8,
2115 3766 2190 3828 et
2236 3783 2350 3826 an.
2383 3760 2518 3826 449
2548 3757 2743 3844 depo-

301 3871 489 3938 situs
534 3867 699 3934 fuit.

439 3973 815 4042 XXXVII.
865 3971 1186 4046 Maximus
1230 3971 1410 4038 sedit
1454 3995 1567 4038 an.
1621 3973 1685 4039 7.
1737 3973 1851 4040 vel
1881 3975 1950 4039 4.
1987 3973 2131 4039 Hoc
2176 3977 2478 4058 tempore
2537 3990 2745 4055 quar-

299 4091 460 4151 tum
482 4079 860 4149 Concilium
883 4078 1403 4146 chalcedonense
1428 4085 1671 4146 contra
1695 4080 2095 4146 Dioscorum
2120 4079 2537 4144 celebratum
2567 4075 2739 4160 fuit;

298 4188 479 4257 obiit
537 4210 650 4253 an.
700 4187 856 4253 456.
907 4185 1186 4251 Pariter
1230 4186 1357 4252 hac
1401 4190 1633 4252 aetate
1680 4185 2047 4252 Nestorius
2115 4181 2747 4268 Constantinopoli-

300 4297 519 4361 tanus
562 4291 973 4358 Patriarcha
1021 4291 1093 4356 in
1138 4289 1441 4358 Chaldea
1487 4296 1801 4357 mortuus
1825 4297 1957 4358 est.
1987 4292 2131 4357 Hoc
2155 4294 2389 4356 autem
2415 4288 2566 4355 ideo
2591 4309 2750 4354 eve-

298 4398 440 4480 nit,
479 4398 641 4486 quia
672 4398 831 4463 dum
870 4398 1161 4464 tertium
1192 4397 1571 4465 Concilium
1625 4398 1882 4485 Ephesi
1937 4398 2442 4478 celebrabatur,
2501 4395 2747 4466 Nesto-

303 4505 459 4575 rius
504 4505 699 4572 iussu
738 4506 1056 4572 Thedosii
1100 4505 1575 4592 Imperatoris,
1604 4506 2229 4572 excommunicatus
2273 4506 2346 4569 et
2391 4501 2748 4590 depositus

302 4619 520 4703 atque
574 4613 650 4678 in
726 4612 1012 4678 exilium
1078 4612 1337 4680 Mossul
1412 4613 1664 4680 missus
1708 4614 1897 4696 fuit,
1978 4617 2063 4679 ut
2129 4609 2553 4679 Anastasius
2609 4610 2741 4677 Pa-
