3525 5454
1348 441 1415 450 ...
1455 414 1485 462 7
1524 437 1588 448 -

259 514 725 592 recensentur,
776 510 1089 599 notisque
1136 511 1618 593 illustrantur,
1669 511 1926 578 Romae
1974 510 2277 578 lvio-5
2309 507 2700 596 sumptibus

259 614 508 681 Fausti
555 616 827 683 Amidei
859 617 1026 683 tomi
1057 641 1175 684 sex
1206 618 1280 685 in
1301 621 1391 685 4⁰.
1429 619 1676 706 quibus
1706 617 2138 685 Kalendaria
2168 616 2513 684 Ecclesiae
2546 614 2694 682 Sla-

258 720 448 787 vicae
494 720 640 788 sive
688 724 1324 809 graeco—moschae
1370 723 2065 812 comprehenduntur.

389 825 678 895 Italicae
726 828 1059 896 historiae
1105 829 1475 917 scriptores
1521 851 1605 896 ex
1635 829 1820 896 Bibl.
1859 828 2238 897 Vaticanae
2270 827 2703 914 aliarumque

257 932 635 1019 insignium
679 932 1265 1003 Bibliothecarum
1309 935 1797 1024 manuscriptis
1842 934 2182 1003 codicibus
2227 932 2524 1014 collecti,
2586 930 2703 998 ad-

256 1036 429 1104 ditis
472 1037 1019 1126 praefationibus
1080 1047 1154 1108 et
1212 1042 1415 1108 notis,
1484 1041 1735 1108 Romae
1773 1041 2100 1109 1751—3.
2168 1039 2336 1107 tomi
2396 1043 2698 1127 quatuor

256 1142 333 1210 in
376 1144 472 1226 4⁰,
522 1146 602 1212 in
646 1146 892 1233 quibus
938 1146 1018 1213 de
1067 1149 1271 1215 rebus
1313 1148 1776 1237 neapolitanis
1806 1200 1821 1230 ,
1873 1153 1947 1215 et
2001 1148 2240 1215 siculis
2299 1146 2701 1214 disseritur.

340 1302 347 1311 .
396 1250 826 1319 Bibliotheca
884 1252 1073 1320 Iuris
1148 1255 1529 1323 Orientalis
1588 1255 1892 1321 canonici
1960 1258 2034 1321 et
2101 1252 2331 1320 civilis
2399 1252 2587 1319 Tom.
2639 1250 2706 1318 I.

260 1355 487 1424 Codex
517 1355 865 1425 Canonum
896 1359 1240 1427 Ecclesiae
1273 1360 1571 1428 Graecae
1603 1361 1858 1428 Romae
1893 1361 2087 1428 1762.
2127 1360 2322 1448 typis
2352 1356 2708 1426 Francisci

261 1462 655 1530 Bizzarrini
701 1464 1012 1531 Komark
1048 1465 1122 1530 in
1152 1466 1248 1533 4⁰.

401 1569 587 1636 Tom.
625 1568 728 1637 ΙΙ.
777 1569 1004 1638 Codex
1035 1571 1223 1638 Iuris
1254 1570 1482 1638 civilis
1513 1572 1856 1640 Ecclesiae
1888 1571 2185 1638 Graecae
2216 1568 2462 1636 ibidem
2498 1566 2697 1634 1762.

265 1673 340 1740 in
370 1675 467 1741 4⁰.

398 1781 584 1847 Tom.
624 1782 1169 1865 III,—IV.-—V.
1220 1784 1589 1873 Appendix
1647 1784 1736 1852 ad
1791 1782 2082 1850 codicem
2144 1782 2320 1848 iuris
2381 1778 2706 1848 Canonici

262 1890 339 1952 et
383 1886 613 1953 civilis
657 1889 999 1958 Ecclesiae
1046 1890 1345 1959 Graecae
1390 1892 1641 1959 ibidem
1675 1891 2192 1959 1763.-4.—6.
2247 1890 2322 1955 in
2344 1890 2435 1959 4⁰,

398 1986 717 2078 Epistola
747 1995 1050 2063 Arabica
1076 1997 1164 2063 ad
1190 1999 1531 2066 Abbatem
1562 1998 1965 2067 Generalem
1998 2002 2070 2063 et
2102 1998 2467 2064 Monachos
2496 1996 2709 2064 Grae·

265 2123 376 2169 cos
438 2102 804 2171 Melchitas
859 2104 1138 2173 Ordinis
1198 2106 1267 2173 S.
1321 2107 1570 2174 Basilii
1632 2107 1713 2174 de
1775 2107 2040 2195 origine
2102 2112 2176 2173 et
2235 2104 2713 2193 progressibus

264 2210 674 2277 Monasterii
718 2212 996 2279 Ordinis
1041 2214 1550 2282 Basilianorum
1613 2216 1687 2281 in
1745 2213 2169 2302 Cappadocia
2229 2218 2303 2278 et
2362 2212 2575 2301 Syria
2634 2215 2708 2278 et

266 2316 503 2384 Monte
532 2317 821 2401 Libano,
858 2318 1111 2385 Romae
1143 2320 1337 2408 typis
1366 2320 1439 2387 S.
1467 2319 1683 2408 Cong.
1716 2321 1800 2388 de
1829 2321 2033 2407 Prop.
2070 2320 2240 2387 Fide
2268 2320 2461 2387 1758.
2487 2318 2562 2384 in
2578 2317 2701 2385 fol.

400 2423 722 2491 Eiusdem
776 2424 910 2491 Ios.
971 2424 1256 2491 Simonii
1302 2427 1687 2508 Assemani‚
1741 2447 1915 2514 quae
1969 2427 2190 2492 adhuc
2234 2425 2706 2513 manuscripta

264 2538 604 2604 extabant
648 2541 811 2602 ante
856 2535 1242 2603 incendium
1287 2538 1661 2604 fortuitum
1704 2538 1855 2604 eius
1879 2588 1894 2618 ,
1943 2540 2017 2603 et
2073 2534 2410 2624 Stephani
2456 2533 2711 2602 Evodii

264 2640 782 2730 Archiepiscopi
812 2642 1158 2730 Apameae
1186 2640 1770 2731 suppellectilium
1794 2647 1867 2709 et
1890 2641 2501 2723 Bibliothecarum,
2528 2638 2707 2729 quod

267 2751 344 2815 in
379 2748 710 2815 cubiculis
772 2748 1152 2816 Vaticanae
1211 2747 1681 2816 Bibliothecae
1743 2749 2027 2816 adnexis
2086 2748 2195 2815 die
2259 2747 2344 2813 30
2389 2745 2709 2833 Augusti

263 2878 381 2922 an.
423 2855 596 2922 1768
640 2853 960 2941 contigit,
1011 2876 1216 2942 opera
1259 2854 1507 2936 omnia,
1559 2854 1671 2922 vel
1716 2855 2012 2942 incepta,
2064 2852 2178 2920 vel
2224 2850 2569 2932 absoluta,
2635 2854 2711 2918 et

267 2984 512 3050 primo:

399 3067 582 3136 Bibl.
619 3069 733 3136 Or.
774 3068 961 3135 Tom.
998 3068 1084 3136 V.
1124 3067 1202 3135 de
1250 3067 1583 3155 Syriacis,
1631 3067 1953 3135 Arabicis
1984 3066 2351 3135 Sacrarum
2392 3064 2709 3153 Scriptu-

269 3195 510 3242 rarum
556 3173 1010 3241 versionibus.

400 3280 596 3346 Tom.
628 3280 760 3348 VI.
811 3278 893 3345 de
941 3277 1142 3345 libris
1188 3279 1668 3347 ecclesiasticis
1713 3279 2075 3368 Syrorum.

401 3387 589 3453 Tom.
626 3385 796 3453 VH.
844 3386 927 3452 de
974 3386 1413 3453 conciliorum
1459 3385 1976 3453 collectionibus
2021 3381 2351 3473 Syriacis.

402 3493 597 3559 Tom.
630 3492 836 3560 VIII.
887 3492 968 3557 de
1016 3492 1457 3559 conciliorum
1502 3492 2022 3560 collectionibus
2066 3490 2416 3559 Arabicis.

402 3597 593 3665 Tom.
632 3596 761 3664 IX.
815 3598 893 3665 de
927 3598 1394 3685 Scriptoribus
1425 3597 1707 3666 Graecis
1738 3599 1814 3665 in
1843 3598 2206 3688 Syriacum
2238 3603 2312 3663 et
2339 3595 2713 3664 Arabicum

262 3702 642 3772 conversis.

400 3811 589 3879 Tom.
628 3810 721 3878 X.
755 3811 836 3878 de
883 3813 1351 3900 Scriptoribus
1393 3812 1719 3879 Arabicis
1762 3811 2213 3880 ChristianiS.

401 3919 595 3986 Tom.
632 3919 762 3985 XI.
799 3919 972 3985 XII.
1022 3919 1104 3985 de
1149 3919 1618 4006 Scriptoribus
1653 3919 1976 3987 A‘rabicis
2007 3917 2526 3986 Mahometanis.

400 4023 829 4092 Kalendaria
875 4025 1219 4092 Ecclesiae
1264 4025 1643 4092 Universae
1695 4029 1845 4113 (sex
1891 4024 2061 4091 tomi
2110 4024 2305 4112 typis
2352 4022 2580 4109 editi.)

401 4131 591 4198 Tom.
630 4131 1242 4220 VII.{kalendaria
1286 4135 1574 4199 vetusta
1603 4131 2044 4199 Graecorum.

400 4237 595 4305 Tom.
629 4236 833 4305 VIII.
885 4237 1291 4304 kalendaria
1336 4241 1622 4305 vetusta
1666 4236 2002 4322 Syrorum
2032 4234 2563 4316 Maronitarum,
2599 4233 2710 4300 Ia-

255 4343 677 4423 cobitarum,
727 4342 1319 4410 Nestorianornm.

402 4447 592 4515 Tom.
632 4448 760 4514 IX.
812 4447 1218 4516 kalendaria
1266 4453 1547 4517 vetusta
1592 4452 2072 4519 Armenorum.

400 4553 593 4620 Tom.
629 4553 1135 4621 X.kalendaria
1166 4559 1450 4623 vetusta
1464 4557 2000 4646 Aegyptiorum,
2023 4563 2234 4646 atque
2248 4557 2708 4646 Aethiopum.
