<?xml version="1.0" encoding="UTF-8"?>
<!DOCTYPE html PUBLIC "-//W3C//DTD XHTML 1.0 Transitional//EN"
    "http://www.w3.org/TR/xhtml1/DTD/xhtml1-transitional.dtd">
<html xmlns="http://www.w3.org/1999/xhtml" xml:lang="en" lang="en">
 <head>
  <title>
</title>
<meta http-equiv="Content-Type" content="text/html;charset=utf-8" />
  <meta name='ocr-system' content='tesseract 3.04.00' />
  <meta name='ocr-capabilities' content='ocr_page ocr_carea ocr_par ocr_line ocrx_word'/>
</head>
<body>
  <div class='ocr_page' id='page_1' title='image "./serieschronolog00vatigoog_0017.png"; bbox 0 0 3525 5454; ppageno 0'>
   <div class='ocr_carea' id='block_1_1' title="bbox 266 463 2714 1604">
    <p class='ocr_par' dir='ltr' id='par_1_1' title="bbox 266 463 2714 1604">
     <span class='ocr_line' id='line_1_1' title="bbox 1362 463 1612 515; baseline 0.004 -14"><span class='ocrx_word' id='word_1_1' title='bbox 1362 491 1433 501; x_wconf 89' lang='lat'><strong>....</strong></span> <span class='ocrx_word' id='word_1_2' title='bbox 1470 463 1502 515; x_wconf 83' lang='lat'><strong>3</strong></span> <span class='ocrx_word' id='word_1_3' title='bbox 1546 489 1612 502; x_wconf 86' lang='grc'><strong>.-</strong></span> 
     </span>
     <span class='ocr_line' id='line_1_2' title="bbox 268 557 2712 651; baseline 0 -28"><span class='ocrx_word' id='word_1_4' title='bbox 268 589 305 623; x_wconf 72' lang='lat' dir='ltr'><em>a</em></span> <span class='ocrx_word' id='word_1_5' title='bbox 336 562 695 651; x_wconf 75' lang='lat' dir='ltr'><strong>plurimoS,</strong></span> <span class='ocrx_word' id='word_1_6' title='bbox 722 562 1036 630; x_wconf 86' lang='lat' dir='ltr'><strong>inaudito</strong></span> <span class='ocrx_word' id='word_1_7' title='bbox 1059 562 1202 631; x_wconf 87' lang='lat' dir='ltr'><strong>fere</strong></span> <span class='ocrx_word' id='word_1_8' title='bbox 1228 562 1473 628; x_wconf 89' lang='lat' dir='ltr'><strong>multis</strong></span> <span class='ocrx_word' id='word_1_9' title='bbox 1496 585 1538 629; x_wconf 92' lang='lat' dir='ltr'><strong>a</strong></span> <span class='ocrx_word' id='word_1_10' title='bbox 1561 559 1853 629; x_wconf 87' lang='lat' dir='ltr'><strong>saeculis</strong></span> <span class='ocrx_word' id='word_1_11' title='bbox 1876 559 2204 647; x_wconf 84' lang='lat' dir='ltr'><strong>exemplo,</strong></span> <span class='ocrx_word' id='word_1_12' title='bbox 2225 560 2439 647; x_wconf 80' lang='lat' dir='ltr'>ipsam</span> <span class='ocrx_word' id='word_1_13' title='bbox 2456 557 2712 626; x_wconf 89' lang='lat' dir='ltr'><strong>S.Pon—</strong></span> 
     </span>
     <span class='ocr_line' id='line_1_3' title="bbox 272 664 2708 757; baseline -0.001 -25"><span class='ocrx_word' id='word_1_14' title='bbox 272 699 304 732; x_wconf 77' lang='lat' dir='ltr'><strong>a</strong></span> <span class='ocrx_word' id='word_1_15' title='bbox 339 670 553 737; x_wconf 83' lang='lat' dir='ltr'><strong>tificis</strong></span> <span class='ocrx_word' id='word_1_16' title='bbox 576 671 797 737; x_wconf 86' lang='lat' dir='ltr'><strong>totius</strong></span> <span class='ocrx_word' id='word_1_17' title='bbox 812 670 1156 736; x_wconf 80' lang='lat' dir='ltr'><strong>Romanae</strong></span> <span class='ocrx_word' id='word_1_18' title='bbox 1174 669 1375 735; x_wconf 92' lang='lat' dir='ltr'><strong>aulae</strong></span> <span class='ocrx_word' id='word_1_19' title='bbox 1392 690 1744 757; x_wconf 90' lang='lat' dir='ltr'><strong>procerum</strong></span> <span class='ocrx_word' id='word_1_20' title='bbox 1760 666 2301 754; x_wconf 73' lang='lat' dir='ltr'><strong>expectationem</strong></span> <span class='ocrx_word' id='word_1_21' title='bbox 2319 664 2708 754; x_wconf 83' lang='lat' dir='ltr'><strong>superavit.</strong></span> 
     </span>
     <span class='ocr_line' id='line_1_4' title="bbox 268 771 2712 843; baseline 0.001 -7"><span class='ocrx_word' id='word_1_22' title='bbox 268 802 304 836; x_wconf 75' lang='lat' dir='ltr'><strong>a</strong></span> <span class='ocrx_word' id='word_1_23' title='bbox 340 775 453 842; x_wconf 89' lang='lat' dir='ltr'><strong>Ab</strong></span> <span class='ocrx_word' id='word_1_24' title='bbox 497 776 724 843; x_wconf 90' lang='lat' dir='ltr'><strong>eodem</strong></span> <span class='ocrx_word' id='word_1_25' title='bbox 769 775 1099 843; x_wconf 89' lang='lat' dir='ltr'><strong>Pontifice</strong></span> <span class='ocrx_word' id='word_1_26' title='bbox 1131 797 1303 842; x_wconf 92' lang='lat' dir='ltr'><strong>nono</strong></span> <span class='ocrx_word' id='word_1_27' title='bbox 1349 773 1678 841; x_wconf 88' lang='lat' dir='ltr'><strong>kalendas</strong></span> <span class='ocrx_word' id='word_1_28' title='bbox 1716 773 1887 840; x_wconf 89' lang='lat' dir='ltr'><strong>Maii</strong></span> <span class='ocrx_word' id='word_1_29' title='bbox 1920 773 2092 840; x_wconf 82' lang='lat'><strong>1739</strong></span> <span class='ocrx_word' id='word_1_30' title='bbox 2124 771 2712 840; x_wconf 88' lang='lat' dir='ltr'><strong>Referendariatu</strong></span> 
     </span>
     <span class='ocr_line' id='line_1_5' title="bbox 266 877 2709 969; baseline 0 -26"><span class='ocrx_word' id='word_1_31' title='bbox 266 907 307 942; x_wconf 72' lang='lat' dir='ltr'><strong>a</strong></span> <span class='ocrx_word' id='word_1_32' title='bbox 344 880 707 969; x_wconf 89' lang='lat' dir='ltr'><strong>utriusque</strong></span> <span class='ocrx_word' id='word_1_33' title='bbox 739 881 1156 969; x_wconf 85' lang='lat' dir='ltr'><strong>Signaturae</strong></span> <span class='ocrx_word' id='word_1_34' title='bbox 1199 885 1446 964; x_wconf 75' lang='lat' dir='ltr'><strong>auctus</strong></span> <span class='ocrx_word' id='word_1_35' title='bbox 1485 902 1527 946; x_wconf 90' lang='lat' dir='ltr'><strong>a</strong></span> <span class='ocrx_word' id='word_1_36' title='bbox 1557 879 1803 948; x_wconf 86' lang='lat' dir='ltr'><strong>Carolo</strong></span> <span class='ocrx_word' id='word_1_37' title='bbox 1840 878 1960 947; x_wconf 84' lang='lat' dir='ltr'><strong>IV.</strong></span> <span class='ocrx_word' id='word_1_38' title='bbox 2006 878 2370 967; x_wconf 87' lang='lat' dir='ltr'><strong>utriusque</strong></span> <span class='ocrx_word' id='word_1_39' title='bbox 2426 877 2709 945; x_wconf 84' lang='lat' dir='ltr'><strong>Siciliae</strong></span> 
     </span>
     <span class='ocr_line' id='line_1_6' title="bbox 275 983 2708 1075; baseline 0.001 -29"><span class='ocrx_word' id='word_1_40' title='bbox 275 1013 307 1045; x_wconf 73' lang='lat' dir='ltr'><strong>a</strong></span> <span class='ocrx_word' id='word_1_41' title='bbox 343 1008 522 1052; x_wconf 89' lang='lat' dir='ltr'><strong>nunc</strong></span> <span class='ocrx_word' id='word_1_42' title='bbox 553 987 692 1053; x_wconf 92' lang='lat' dir='ltr'><strong>III.</strong></span> <span class='ocrx_word' id='word_1_43' title='bbox 758 986 1249 1075; x_wconf 82' lang='lat' dir='ltr'><strong>Hispaniarum</strong></span> <span class='ocrx_word' id='word_1_44' title='bbox 1312 985 1500 1072; x_wconf 84' lang='lat' dir='ltr'><strong>Rege</strong></span> <span class='ocrx_word' id='word_1_45' title='bbox 1558 985 1915 1054; x_wconf 86' lang='lat' dir='ltr'><strong>Catholico</strong></span> <span class='ocrx_word' id='word_1_46' title='bbox 1973 983 2420 1072; x_wconf 76' lang='lat' dir='ltr'><strong>Neapolitani</strong></span> <span class='ocrx_word' id='word_1_47' title='bbox 2480 984 2708 1071; x_wconf 82' lang='lat' dir='ltr'><strong>Regni</strong></span> 
     </span>
     <span class='ocr_line' id='line_1_7' title="bbox 275 1089 2712 1180; baseline 0.001 -27"><span class='ocrx_word' id='word_1_48' title='bbox 275 1118 309 1152; x_wconf 76' lang='grc' dir='ltr'><strong>ιι</strong></span> <span class='ocrx_word' id='word_1_49' title='bbox 343 1091 964 1180; x_wconf 86' lang='lat' dir='ltr'><strong>Historiographus</strong></span> <span class='ocrx_word' id='word_1_50' title='bbox 1026 1114 1140 1159; x_wconf 87' lang='lat' dir='ltr'><strong>an.</strong></span> <span class='ocrx_word' id='word_1_51' title='bbox 1188 1092 1355 1158; x_wconf 83' lang='grc'>1751</span> <span class='ocrx_word' id='word_1_52' title='bbox 1402 1092 1688 1173; x_wconf 90' lang='lat' dir='ltr'><strong>electus,</strong></span> <span class='ocrx_word' id='word_1_53' title='bbox 1738 1089 2179 1178; x_wconf 83' lang='lat' dir='ltr'><strong>subsequenti</strong></span> <span class='ocrx_word' id='word_1_54' title='bbox 2224 1111 2399 1156; x_wconf 90' lang='lat' dir='ltr'><strong>anno</strong></span> <span class='ocrx_word' id='word_1_55' title='bbox 2444 1089 2712 1176; x_wconf 88' lang='lat' dir='ltr'><strong>Neapo-</strong></span> 
     </span>
     <span class='ocr_line' id='line_1_8' title="bbox 272 1193 2707 1284; baseline 0 -27"><span class='ocrx_word' id='word_1_56' title='bbox 272 1224 305 1257; x_wconf 75' lang='grc' dir='ltr'><strong>ιι</strong></span> <span class='ocrx_word' id='word_1_57' title='bbox 342 1196 569 1263; x_wconf 89' lang='lat' dir='ltr'><strong>litana</strong></span> <span class='ocrx_word' id='word_1_58' title='bbox 599 1197 889 1265; x_wconf 85' lang='lat' dir='ltr'><strong>civitate</strong></span> <span class='ocrx_word' id='word_1_59' title='bbox 922 1197 1238 1264; x_wconf 89' lang='lat' dir='ltr'><strong>donatus.</strong></span> <span class='ocrx_word' id='word_1_60' title='bbox 1290 1196 1360 1264; x_wconf 85' lang='lat' dir='ltr'>A</span> <span class='ocrx_word' id='word_1_61' title='bbox 1405 1196 1659 1264; x_wconf 87' lang='lat' dir='ltr'><strong>Bened.</strong></span> <span class='ocrx_word' id='word_1_62' title='bbox 1692 1194 1917 1278; x_wconf 68' lang='lat' dir='ltr'>XIV„</span> <span class='ocrx_word' id='word_1_63' title='bbox 1968 1194 2089 1284; x_wconf 89' lang='lat' dir='ltr'><strong>qui</strong></span> <span class='ocrx_word' id='word_1_64' title='bbox 2133 1216 2330 1282; x_wconf 89' lang='lat' dir='ltr'><strong>saepe</strong></span> <span class='ocrx_word' id='word_1_65' title='bbox 2375 1215 2451 1260; x_wconf 94' lang='lat' dir='ltr'><strong>eo</strong></span> <span class='ocrx_word' id='word_1_66' title='bbox 2507 1193 2707 1259; x_wconf 80' lang='lat' dir='ltr'><strong>fami-</strong></span> 
     </span>
     <span class='ocr_line' id='line_1_9' title="bbox 273 1301 2709 1390; baseline 0.001 -25"><span class='ocrx_word' id='word_1_67' title='bbox 273 1331 305 1364; x_wconf 77' lang='lat' dir='ltr'><strong>a</strong></span> <span class='ocrx_word' id='word_1_68' title='bbox 344 1302 713 1369; x_wconf 86' lang='lat' dir='ltr'><strong>liarissime</strong></span> <span class='ocrx_word' id='word_1_69' title='bbox 743 1302 816 1370; x_wconf 90' lang='lat' dir='ltr'><strong>in</strong></span> <span class='ocrx_word' id='word_1_70' title='bbox 847 1303 1154 1369; x_wconf 85' lang='lat' dir='ltr'><strong>consiliis</strong></span> <span class='ocrx_word' id='word_1_71' title='bbox 1199 1304 1556 1385; x_wconf 86' lang='lat' dir='ltr'><strong>utebatur,</strong></span> <span class='ocrx_word' id='word_1_72' title='bbox 1607 1303 1679 1370; x_wconf 97' lang='lat' dir='ltr'><strong>S.</strong></span> <span class='ocrx_word' id='word_1_73' title='bbox 1709 1301 2219 1390; x_wconf 74' lang='lat' dir='ltr'><strong>InquisitioniS,</strong></span> <span class='ocrx_word' id='word_1_74' title='bbox 2256 1302 2367 1368; x_wconf 91' lang='lat' dir='ltr'><strong>cui</strong></span> <span class='ocrx_word' id='word_1_75' title='bbox 2395 1301 2532 1367; x_wconf 89' lang='lat' dir='ltr'><strong>iam</strong></span> <span class='ocrx_word' id='word_1_76' title='bbox 2563 1301 2709 1389; x_wconf 88' lang='lat' dir='ltr'><strong>pri·</strong></span> 
     </span>
     <span class='ocr_line' id='line_1_10' title="bbox 270 1407 2714 1498; baseline -0 -24"><span class='ocrx_word' id='word_1_77' title='bbox 270 1439 306 1474; x_wconf 74' lang='lat' dir='ltr'><strong><em>a</em></strong></span> <span class='ocrx_word' id='word_1_78' title='bbox 342 1411 493 1477; x_wconf 89' lang='lat' dir='ltr'><strong>dem</strong></span> <span class='ocrx_word' id='word_1_79' title='bbox 521 1410 970 1498; x_wconf 86' lang='lat' dir='ltr'><strong>quotidianis,</strong></span> <span class='ocrx_word' id='word_1_80' title='bbox 993 1410 1201 1478; x_wconf 85' lang='lat' dir='ltr'><strong>ferme</strong></span> <span class='ocrx_word' id='word_1_81' title='bbox 1227 1409 1508 1497; x_wconf 85' lang='lat' dir='ltr'><strong>scriptis</strong></span> <span class='ocrx_word' id='word_1_82' title='bbox 1537 1431 1779 1495; x_wconf 82' lang='lat' dir='ltr'><strong>magno</strong></span> <span class='ocrx_word' id='word_1_83' title='bbox 1808 1410 2046 1475; x_wconf 86' lang='lat' dir='ltr'><strong>fuerat</strong></span> <span class='ocrx_word' id='word_1_84' title='bbox 2076 1407 2496 1490; x_wconf 91' lang='lat' dir='ltr'><strong>adiumento,</strong></span> <span class='ocrx_word' id='word_1_85' title='bbox 2525 1407 2714 1474; x_wconf 90' lang='lat' dir='ltr'><strong>inter</strong></span> 
     </span>
     <span class='ocr_line' id='line_1_11' title="bbox 274 1514 2712 1604; baseline 0.002 -25"><span class='ocrx_word' id='word_1_86' title='bbox 274 1545 308 1579; x_wconf 76' lang='lat' dir='ltr'><strong>a</strong></span> <span class='ocrx_word' id='word_1_87' title='bbox 344 1515 785 1583; x_wconf 86' lang='lat' dir='ltr'><strong>Consultores</strong></span> <span class='ocrx_word' id='word_1_88' title='bbox 829 1516 1243 1604; x_wconf 86' lang='lat' dir='ltr'><strong>adscriptus:</strong></span> <span class='ocrx_word' id='word_1_89' title='bbox 1293 1538 1335 1582; x_wconf 90' lang='lat' dir='ltr'><strong>a</strong></span> <span class='ocrx_word' id='word_1_90' title='bbox 1379 1514 1726 1583; x_wconf 87' lang='lat' dir='ltr'><strong>Clemente</strong></span> <span class='ocrx_word' id='word_1_91' title='bbox 1756 1514 1965 1583; x_wconf 90' lang='lat' dir='ltr'>XIII.</span> <span class='ocrx_word' id='word_1_92' title='bbox 2002 1515 2071 1582; x_wconf 84' lang='lat' dir='ltr'><strong>S.</strong></span> <span class='ocrx_word' id='word_1_93' title='bbox 2124 1514 2712 1585; x_wconf 83' lang='lat' dir='ltr'><strong>Poenitentiariae</strong></span> 
     </span>
    </p>
   </div>
   <div class='ocr_carea' id='block_1_2' title="bbox 266 1621 2718 2456">
    <p class='ocr_par' dir='ltr' id='par_1_2' title="bbox 266 1621 2718 2456">
     <span class='ocr_line' id='line_1_12' title="bbox 268 1621 2711 1691; baseline 0.002 -6"><span class='ocrx_word' id='word_1_94' title='bbox 268 1650 304 1685; x_wconf 76' lang='grc' dir='ltr'><strong><em>α</em></strong></span> <span class='ocrx_word' id='word_1_95' title='bbox 341 1623 677 1690; x_wconf 88' lang='lat' dir='ltr'><strong>Datarius</strong></span> <span class='ocrx_word' id='word_1_96' title='bbox 698 1622 903 1691; x_wconf 87' lang='lat' dir='ltr'>VIII.</span> <span class='ocrx_word' id='word_1_97' title='bbox 930 1621 1077 1690; x_wconf 85' lang='lat' dir='ltr'><strong>kal.</strong></span> <span class='ocrx_word' id='word_1_98' title='bbox 1102 1621 1416 1689; x_wconf 85' lang='lat' dir='ltr'><strong>Octobris</strong></span> <span class='ocrx_word' id='word_1_99' title='bbox 1448 1621 1646 1687; x_wconf 82' lang='lat'>1759:</span> <span class='ocrx_word' id='word_1_100' title='bbox 1680 1621 1814 1689; x_wconf 87' lang='lat' dir='ltr'><strong>VI.</strong></span> <span class='ocrx_word' id='word_1_101' title='bbox 1844 1643 2005 1689; x_wconf 85' lang='lat' dir='ltr'><strong>vero</strong></span> <span class='ocrx_word' id='word_1_102' title='bbox 2037 1621 2369 1690; x_wconf 88' lang='lat' dir='ltr'><strong>kalendas</strong></span> <span class='ocrx_word' id='word_1_103' title='bbox 2398 1622 2711 1691; x_wconf 83' lang='lat' dir='ltr'><strong>Februa-</strong></span> 
     </span>
     <span class='ocr_line' id='line_1_13' title="bbox 273 1728 2703 1823; baseline 0.002 -30"><span class='ocrx_word' id='word_1_104' title='bbox 273 1758 306 1792; x_wconf 75' lang='grc' dir='ltr'><strong><em>α</em></strong></span> <span class='ocrx_word' id='word_1_105' title='bbox 344 1729 439 1795; x_wconf 89' lang='lat' dir='ltr'><strong>rii</strong></span> <span class='ocrx_word' id='word_1_106' title='bbox 501 1730 670 1796; x_wconf 86' lang='grc'>1761</span> <span class='ocrx_word' id='word_1_107' title='bbox 718 1752 760 1796; x_wconf 90' lang='lat' dir='ltr'><strong>a</strong></span> <span class='ocrx_word' id='word_1_108' title='bbox 805 1728 1080 1816; x_wconf 84' lang='lat' dir='ltr'><strong>Sigillo,</strong></span> <span class='ocrx_word' id='word_1_109' title='bbox 1131 1729 1397 1795; x_wconf 88' lang='lat' dir='ltr'><strong>demum</strong></span> <span class='ocrx_word' id='word_1_110' title='bbox 1457 1728 1772 1795; x_wconf 81' lang='lat' dir='ltr'><strong>kalendis</strong></span> <span class='ocrx_word' id='word_1_111' title='bbox 1848 1728 2234 1796; x_wconf 86' lang='lat' dir='ltr'><strong>Decembris</strong></span> <span class='ocrx_word' id='word_1_112' title='bbox 2291 1730 2461 1797; x_wconf 89' lang='grc'>1766</span> <span class='ocrx_word' id='word_1_113' title='bbox 2521 1729 2703 1823; x_wconf 80' lang='lat' dir='ltr'><strong>Tyri</strong></span> 
     </span>
     <span class='ocr_line' id='line_1_14' title="bbox 266 1834 2713 1924; baseline 0.003 -27"><span class='ocrx_word' id='word_1_114' title='bbox 266 1864 303 1897; x_wconf 73' lang='lat' dir='ltr'><strong>a</strong></span> <span class='ocrx_word' id='word_1_115' title='bbox 339 1835 911 1923; x_wconf 79' lang='lat' dir='ltr'><strong>Archiepiscopus</strong></span> <span class='ocrx_word' id='word_1_116' title='bbox 977 1834 1445 1901; x_wconf 89' lang='lat' dir='ltr'><strong>renunciatus.</strong></span> <span class='ocrx_word' id='word_1_117' title='bbox 1521 1834 1747 1902; x_wconf 87' lang='lat' dir='ltr'><strong>Annis</strong></span> <span class='ocrx_word' id='word_1_118' title='bbox 1816 1835 2218 1924; x_wconf 86' lang='lat' dir='ltr'><strong>meritisque</strong></span> <span class='ocrx_word' id='word_1_119' title='bbox 2280 1835 2561 1924; x_wconf 72' lang='lat' dir='ltr'><strong>plenuS,</strong></span> <span class='ocrx_word' id='word_1_120' title='bbox 2630 1857 2713 1905; x_wconf 80' lang='lat' dir='ltr'><strong>ao</strong></span> 
     </span>
     <span class='ocr_line' id='line_1_15' title="bbox 271 1940 2717 2029; baseline 0.002 -24"><span class='ocrx_word' id='word_1_121' title='bbox 271 1971 306 2004; x_wconf 79' lang='grc' dir='ltr'><strong><em>α</em></strong></span> <span class='ocrx_word' id='word_1_122' title='bbox 343 1941 652 2007; x_wconf 89' lang='lat' dir='ltr'><strong>omnibus</strong></span> <span class='ocrx_word' id='word_1_123' title='bbox 705 1940 1238 2029; x_wconf 73' lang='lat' dir='ltr'><strong>acceptissimae,</strong></span> <span class='ocrx_word' id='word_1_124' title='bbox 1303 1940 1495 2009; x_wconf 90' lang='lat' dir='ltr'><strong>ultro</strong></span> <span class='ocrx_word' id='word_1_125' title='bbox 1555 1940 1825 2028; x_wconf 83' lang='lat' dir='ltr'><strong>petitis,</strong></span> <span class='ocrx_word' id='word_1_126' title='bbox 1890 1941 2132 2029; x_wconf 89' lang='lat' dir='ltr'><strong>pieque</strong></span> <span class='ocrx_word' id='word_1_127' title='bbox 2192 1942 2529 2029; x_wconf 86' lang='lat' dir='ltr'><strong>susceptis</strong></span> <span class='ocrx_word' id='word_1_128' title='bbox 2599 1963 2717 2011; x_wconf 80' lang='lat' dir='ltr'><strong>sa-</strong></span> 
     </span>
     <span class='ocr_line' id='line_1_16' title="bbox 266 2045 2713 2134; baseline 0.003 -24"><span class='ocrx_word' id='word_1_129' title='bbox 266 2075 308 2110; x_wconf 73' lang='lat' dir='ltr'><strong>u</strong></span> <span class='ocrx_word' id='word_1_130' title='bbox 343 2046 718 2114; x_wconf 87' lang='lat' dir='ltr'><strong>crosanctis</strong></span> <span class='ocrx_word' id='word_1_131' title='bbox 778 2045 1121 2113; x_wconf 85' lang='lat' dir='ltr'><strong>Ecclesiae</strong></span> <span class='ocrx_word' id='word_1_132' title='bbox 1185 2045 1646 2112; x_wconf 87' lang='lat' dir='ltr'><strong>Sacramentis</strong></span> <span class='ocrx_word' id='word_1_133' title='bbox 1711 2046 2166 2134; x_wconf 89' lang='lat' dir='ltr'><strong>placidissime</strong></span> <span class='ocrx_word' id='word_1_134' title='bbox 2237 2047 2411 2114; x_wconf 92' lang='lat' dir='ltr'><strong>obiit</strong></span> <span class='ocrx_word' id='word_1_135' title='bbox 2458 2047 2713 2117; x_wconf 82' lang='lat' dir='ltr'><strong>Romae</strong></span> 
     </span>
     <span class='ocr_line' id='line_1_17' title="bbox 268 2150 2715 2239; baseline 0 -20"><span class='ocrx_word' id='word_1_136' title='bbox 268 2181 308 2219; x_wconf 74' lang='lat' dir='ltr'><strong>a</strong></span> <span class='ocrx_word' id='word_1_137' title='bbox 344 2152 573 2219; x_wconf 90' lang='lat' dir='ltr'><strong>idibus</strong></span> <span class='ocrx_word' id='word_1_138' title='bbox 617 2151 931 2219; x_wconf 88' lang='lat' dir='ltr'><strong>Ianuarii</strong></span> <span class='ocrx_word' id='word_1_139' title='bbox 977 2173 1087 2217; x_wconf 89' lang='lat' dir='ltr'><strong>an.</strong></span> <span class='ocrx_word' id='word_1_140' title='bbox 1131 2151 1326 2233; x_wconf 87' lang='grc'>1768,</span> <span class='ocrx_word' id='word_1_141' title='bbox 1376 2151 1823 2239; x_wconf 76' lang='lat' dir='ltr'><strong>sepultusque</strong></span> <span class='ocrx_word' id='word_1_142' title='bbox 1855 2156 1962 2220; x_wconf 86' lang='lat' dir='ltr'><strong>est</strong></span> <span class='ocrx_word' id='word_1_143' title='bbox 1993 2152 2065 2218; x_wconf 89' lang='lat' dir='ltr'><strong>in</strong></span> <span class='ocrx_word' id='word_1_144' title='bbox 2096 2151 2381 2220; x_wconf 89' lang='lat' dir='ltr'><strong>ecclesia</strong></span> <span class='ocrx_word' id='word_1_145' title='bbox 2411 2150 2486 2218; x_wconf 89' lang='lat' dir='ltr'><strong>S.</strong></span> <span class='ocrx_word' id='word_1_146' title='bbox 2512 2154 2715 2219; x_wconf 82' lang='lat' dir='ltr'><strong>Ioan-</strong></span> 
     </span>
     <span class='ocr_line' id='line_1_18' title="bbox 275 2257 2718 2348; baseline 0.001 -23"><span class='ocrx_word' id='word_1_147' title='bbox 275 2290 311 2325; x_wconf 75' lang='grc' dir='ltr'><em>α</em></span> <span class='ocrx_word' id='word_1_148' title='bbox 346 2261 459 2326; x_wconf 86' lang='lat' dir='ltr'><strong>nis</strong></span> <span class='ocrx_word' id='word_1_149' title='bbox 505 2260 998 2348; x_wconf 84' lang='lat' dir='ltr'><strong>Evangelistae</strong></span> <span class='ocrx_word' id='word_1_150' title='bbox 1045 2257 1338 2345; x_wconf 80' lang='lat' dir='ltr'><strong>Collegii</strong></span> <span class='ocrx_word' id='word_1_151' title='bbox 1371 2258 1897 2325; x_wconf 87' lang='lat' dir='ltr'><strong>Maronitarum.</strong></span> <span class='ocrx_word' id='word_1_152' title='bbox 1961 2259 2172 2326; x_wconf 81' lang='lat' dir='ltr'><strong>Tanti</strong></span> <span class='ocrx_word' id='word_1_153' title='bbox 2205 2258 2346 2326; x_wconf 84' lang='lat' dir='ltr'><strong>viri</strong></span> <span class='ocrx_word' id='word_1_154' title='bbox 2390 2258 2718 2331; x_wconf 73' lang='lat' dir='ltr'><strong>memoria</strong></span> 
     </span>
     <span class='ocr_line' id='line_1_19' title="bbox 270 2367 1235 2456; baseline 0.002 -25"><span class='ocrx_word' id='word_1_155' title='bbox 270 2397 308 2431; x_wconf 80' lang='lat' dir='ltr'><strong>u</strong></span> <span class='ocrx_word' id='word_1_156' title='bbox 346 2367 526 2456; x_wconf 83' lang='lat' dir='ltr'><strong>lapis</strong></span> <span class='ocrx_word' id='word_1_157' title='bbox 570 2367 1063 2455; x_wconf 85' lang='lat' dir='ltr'><strong>inscriptus....</strong></span> <span class='ocrx_word' id='word_1_158' title='bbox 1105 2367 1235 2454; x_wconf 91' lang='grc'>(1).</span> 
     </span>
    </p>
   </div>
   <div class='ocr_carea' id='block_1_3' title="bbox 260 2577 2720 3359">
    <p class='ocr_par' dir='ltr' id='par_1_3' title="bbox 420 2577 2705 2655">
     <span class='ocr_line' id='line_1_20' title="bbox 420 2577 2705 2655; baseline 0.004 -22"><span class='ocrx_word' id='word_1_159' title='bbox 420 2577 501 2653; x_wconf 86' lang='grc'>(1)</span> <span class='ocrx_word' id='word_1_160' title='bbox 520 2583 599 2636; x_wconf 86' lang='lat' dir='ltr'><strong>IV</strong></span> <span class='ocrx_word' id='word_1_161' title='bbox 639 2584 864 2637; x_wconf 88' lang='lat' dir='ltr'><strong>Docum.</strong></span> <span class='ocrx_word' id='word_1_162' title='bbox 895 2609 960 2620; x_wconf 92' lang='lat'><strong>—·</strong></span> <span class='ocrx_word' id='word_1_163' title='bbox 987 2582 1057 2633; x_wconf 90' lang='lat' dir='ltr'><strong>In</strong></span> <span class='ocrx_word' id='word_1_164' title='bbox 1093 2581 1261 2632; x_wconf 86' lang='lat' dir='ltr'><strong>libris</strong></span> <span class='ocrx_word' id='word_1_165' title='bbox 1291 2578 1628 2631; x_wconf 83' lang='lat' dir='ltr'><strong>decretorum</strong></span> <span class='ocrx_word' id='word_1_166' title='bbox 1655 2581 2068 2647; x_wconf 73' lang='lat' dir='ltr'><strong>capitularium</strong></span> <span class='ocrx_word' id='word_1_167' title='bbox 2092 2586 2220 2639; x_wconf 84' lang='lat' dir='ltr'><strong>Bas.</strong></span> <span class='ocrx_word' id='word_1_168' title='bbox 2244 2588 2430 2641; x_wconf 77' lang='lat' dir='ltr'><strong>Vatic.</strong></span> <span class='ocrx_word' id='word_1_169' title='bbox 2473 2589 2705 2655; x_wconf 78' lang='lat' dir='ltr'><strong>legitur:</strong></span> 
     </span>
    </p>

    <p class='ocr_par' dir='ltr' id='par_1_4' title="bbox 270 2667 2717 2815">
     <span class='ocr_line' id='line_1_21' title="bbox 414 2667 2717 2741; baseline 0.005 -17"><span class='ocrx_word' id='word_1_170' title='bbox 414 2672 518 2724; x_wconf 89' lang='lat' dir='ltr'><strong>Die</strong></span> <span class='ocrx_word' id='word_1_171' title='bbox 557 2671 842 2723; x_wconf 87' lang='lat' dir='ltr'><strong>Dominica</strong></span> <span class='ocrx_word' id='word_1_172' title='bbox 896 2670 928 2721; x_wconf 88' lang='lat'>3</span> <span class='ocrx_word' id='word_1_173' title='bbox 967 2669 1164 2722; x_wconf 76' lang='lat' dir='ltr'><strong>Martii</strong></span> <span class='ocrx_word' id='word_1_174' title='bbox 1216 2669 1352 2721; x_wconf 81' lang='lat'>1748</span> <span class='ocrx_word' id='word_1_175' title='bbox 1404 2667 1576 2721; x_wconf 78' lang='lat' dir='ltr'><strong>Rnius</strong></span> <span class='ocrx_word' id='word_1_176' title='bbox 1632 2670 1803 2724; x_wconf 67' lang='lat' dir='ltr'><strong>Dn‘ms</strong></span> <span class='ocrx_word' id='word_1_177' title='bbox 1839 2673 2178 2727; x_wconf 79' lang='lat' dir='ltr'><strong>Assemanus</strong></span> <span class='ocrx_word' id='word_1_178' title='bbox 2225 2676 2464 2741; x_wconf 84' lang='lat' dir='ltr'><strong>eligitur</strong></span> <span class='ocrx_word' id='word_1_179' title='bbox 2511 2678 2571 2732; x_wconf 88' lang='lat' dir='ltr'><strong>in</strong></span> <span class='ocrx_word' id='word_1_180' title='bbox 2607 2679 2717 2736; x_wconf 75' lang='lat' dir='ltr'><strong>At·</strong></span> 
     </span>
     <span class='ocr_line' id='line_1_22' title="bbox 270 2761 611 2815; baseline 0.009 -3"><span class='ocrx_word' id='word_1_181' title='bbox 270 2761 611 2815; x_wconf 81' lang='lat' dir='ltr'><strong>chivistam.</strong></span> 
     </span>
    </p>

    <p class='ocr_par' dir='ltr' id='par_1_5' title="bbox 411 2851 2717 2916">
     <span class='ocr_line' id='line_1_23' title="bbox 411 2851 2717 2916; baseline 0.003 -14"><span class='ocrx_word' id='word_1_182' title='bbox 411 2852 480 2902; x_wconf 82' lang='lat' dir='ltr'><strong>V.</strong></span> <span class='ocrx_word' id='word_1_183' title='bbox 523 2851 816 2901; x_wconf 88' lang='lat' dir='ltr'><strong>Docum.—·</strong></span> <span class='ocrx_word' id='word_1_184' title='bbox 856 2851 957 2902; x_wconf 90' lang='lat' dir='ltr'><strong>Die</strong></span> <span class='ocrx_word' id='word_1_185' title='bbox 997 2852 1067 2903; x_wconf 82' lang='lat'><strong>30</strong></span> <span class='ocrx_word' id='word_1_186' title='bbox 1102 2852 1348 2916; x_wconf 80' lang='lat' dir='ltr'><strong>Augusti</strong></span> <span class='ocrx_word' id='word_1_187' title='bbox 1391 2855 1530 2906; x_wconf 83' lang='lat'>1750</span> <span class='ocrx_word' id='word_1_188' title='bbox 1551 2853 1908 2904; x_wconf 80' lang='lat' dir='ltr'><strong>confirmatur</strong></span> <span class='ocrx_word' id='word_1_189' title='bbox 1927 2852 2160 2905; x_wconf 86' lang='lat' dir='ltr'><strong>secundo</strong></span> <span class='ocrx_word' id='word_1_190' title='bbox 2209 2856 2269 2906; x_wconf 90' lang='lat' dir='ltr'><strong>in</strong></span> <span class='ocrx_word' id='word_1_191' title='bbox 2306 2854 2717 2911; x_wconf 80' lang='lat' dir='ltr'><strong>Archivistam.</strong></span> 
     </span>
    </p>

    <p class='ocr_par' dir='ltr' id='par_1_6' title="bbox 417 2936 2715 3009">
     <span class='ocr_line' id='line_1_24' title="bbox 417 2936 2715 3009; baseline 0.003 -20"><span class='ocrx_word' id='word_1_192' title='bbox 417 2936 519 2989; x_wconf 86' lang='lat' dir='ltr'><strong>Die</strong></span> <span class='ocrx_word' id='word_1_193' title='bbox 556 2936 625 2988; x_wconf 79' lang='lat'><strong>20</strong></span> <span class='ocrx_word' id='word_1_194' title='bbox 661 2937 914 2990; x_wconf 78' lang='lat' dir='ltr'><strong>Ianuarii</strong></span> <span class='ocrx_word' id='word_1_195' title='bbox 953 2939 1091 2990; x_wconf 78' lang='lat'>1754</span> <span class='ocrx_word' id='word_1_196' title='bbox 1138 2941 1493 2992; x_wconf 79' lang='lat' dir='ltr'><strong>confirmatur</strong></span> <span class='ocrx_word' id='word_1_197' title='bbox 1530 2941 1865 2993; x_wconf 79' lang='lat' dir='ltr'><strong>Archivista</strong></span> <span class='ocrx_word' id='word_1_198' title='bbox 1907 2957 1974 2992; x_wconf 83' lang='lat' dir='ltr'><strong>ex</strong></span> <span class='ocrx_word' id='word_1_199' title='bbox 2011 2942 2157 2994; x_wconf 88' lang='lat' dir='ltr'><strong>libro</strong></span> <span class='ocrx_word' id='word_1_200' title='bbox 2195 2943 2416 2995; x_wconf 85' lang='lat' dir='ltr'><strong>Decret.</strong></span> <span class='ocrx_word' id='word_1_201' title='bbox 2465 2944 2715 3009; x_wconf 73' lang='lat' dir='ltr'><strong>Capitul.</strong></span> 
     </span>
    </p>

    <p class='ocr_par' dir='ltr' id='par_1_7' title="bbox 260 3027 2720 3183">
     <span class='ocr_line' id='line_1_25' title="bbox 413 3027 2720 3100; baseline 0.003 -21"><span class='ocrx_word' id='word_1_202' title='bbox 413 3027 515 3079; x_wconf 90' lang='lat' dir='ltr'><strong>Die</strong></span> <span class='ocrx_word' id='word_1_203' title='bbox 551 3027 585 3077; x_wconf 87' lang='grc'>9</span> <span class='ocrx_word' id='word_1_204' title='bbox 621 3028 912 3080; x_wconf 75' lang='lat' dir='ltr'><strong>Februarii</strong></span> <span class='ocrx_word' id='word_1_205' title='bbox 950 3029 1106 3092; x_wconf 81' lang='grc'>1754,</span> <span class='ocrx_word' id='word_1_206' title='bbox 1148 3034 1272 3094; x_wconf 86' lang='lat' dir='ltr'><strong>post</strong></span> <span class='ocrx_word' id='word_1_207' title='bbox 1311 3045 1483 3081; x_wconf 86' lang='lat' dir='ltr'><strong>anuos</strong></span> <span class='ocrx_word' id='word_1_208' title='bbox 1521 3029 1898 3095; x_wconf 81' lang='lat' dir='ltr'><strong>quadraginta</strong></span> <span class='ocrx_word' id='word_1_209' title='bbox 1936 3032 2164 3083; x_wconf 78' lang='lat' dir='ltr'><strong>servitii</strong></span> <span class='ocrx_word' id='word_1_210' title='bbox 2203 3032 2447 3084; x_wconf 78' lang='lat' dir='ltr'><strong>choralis</strong></span> <span class='ocrx_word' id='word_1_211' title='bbox 2492 3035 2720 3100; x_wconf 76' lang='lat' dir='ltr'><strong>petitur</strong></span> 
     </span>
     <span class='ocr_line' id='line_1_26' title="bbox 260 3117 2319 3183; baseline 0.001 -14"><span class='ocrx_word' id='word_1_212' title='bbox 260 3121 329 3169; x_wconf 68' lang='lat' dir='ltr'><strong>et</strong></span> <span class='ocrx_word' id='word_1_213' title='bbox 369 3118 659 3168; x_wconf 84' lang='lat' dir='ltr'><strong>obtinetur</strong></span> <span class='ocrx_word' id='word_1_214' title='bbox 698 3117 980 3182; x_wconf 84' lang='lat' dir='ltr'><strong>iubilatio,</strong></span> <span class='ocrx_word' id='word_1_215' title='bbox 1024 3134 1118 3170; x_wconf 84' lang='lat' dir='ltr'><strong>seu</strong></span> <span class='ocrx_word' id='word_1_216' title='bbox 1154 3118 1428 3183; x_wconf 86' lang='lat' dir='ltr'><strong>exemptio</strong></span> <span class='ocrx_word' id='word_1_217' title='bbox 1465 3117 1760 3169; x_wconf 77' lang='lat' dir='ltr'><strong>definitiva</strong></span> <span class='ocrx_word' id='word_1_218' title='bbox 1799 3134 1832 3168; x_wconf 87' lang='lat' dir='ltr'><strong>a</strong></span> <span class='ocrx_word' id='word_1_219' title='bbox 1872 3120 2109 3171; x_wconf 80' lang='lat' dir='ltr'><strong>servitio</strong></span> <span class='ocrx_word' id='word_1_220' title='bbox 2147 3120 2319 3172; x_wconf 85' lang='lat' dir='ltr'><strong>chori.</strong></span> 
     </span>
    </p>

    <p class='ocr_par' dir='ltr' id='par_1_8' title="bbox 268 3205 2719 3359">
     <span class='ocr_line' id='line_1_27' title="bbox 415 3205 2719 3271; baseline 0.003 -15"><span class='ocrx_word' id='word_1_221' title='bbox 415 3205 498 3257; x_wconf 84' lang='lat' dir='ltr'><strong>VI</strong></span> <span class='ocrx_word' id='word_1_222' title='bbox 536 3207 752 3257; x_wconf 80' lang='lat' dir='ltr'><strong>Ducum.</strong></span> <span class='ocrx_word' id='word_1_223' title='bbox 797 3234 863 3244; x_wconf 91' lang='lat'>-</span> <span class='ocrx_word' id='word_1_224' title='bbox 902 3206 1004 3257; x_wconf 85' lang='lat' dir='ltr'><strong>Die</strong></span> <span class='ocrx_word' id='word_1_225' title='bbox 1040 3208 1110 3257; x_wconf 85' lang='lat'><strong>24</strong></span> <span class='ocrx_word' id='word_1_226' title='bbox 1165 3207 1382 3271; x_wconf 78' lang='lat' dir='ltr'><strong>Aprilis</strong></span> <span class='ocrx_word' id='word_1_227' title='bbox 1433 3208 1569 3259; x_wconf 90' lang='grc'>1757</span> <span class='ocrx_word' id='word_1_228' title='bbox 1627 3208 1868 3271; x_wconf 81' lang='lat' dir='ltr'><strong>eligitur</strong></span> <span class='ocrx_word' id='word_1_229' title='bbox 1906 3209 2229 3261; x_wconf 78' lang='lat' dir='ltr'><strong>Praefectus</strong></span> <span class='ocrx_word' id='word_1_230' title='bbox 2267 3208 2567 3262; x_wconf 75' lang='lat' dir='ltr'><strong>seminarii</strong></span> <span class='ocrx_word' id='word_1_231' title='bbox 2605 3209 2719 3263; x_wconf 76' lang='lat' dir='ltr'><strong>Va-</strong></span> 
     </span>
     <span class='ocr_line' id='line_1_28' title="bbox 268 3293 1751 3359; baseline 0.003 -15"><span class='ocrx_word' id='word_1_232' title='bbox 268 3293 452 3344; x_wconf 78' lang='lat' dir='ltr'><strong>ticani</strong></span> <span class='ocrx_word' id='word_1_233' title='bbox 506 3309 573 3344; x_wconf 82' lang='lat' dir='ltr'><strong>ex</strong></span> <span class='ocrx_word' id='word_1_234' title='bbox 611 3294 755 3344; x_wconf 88' lang='lat' dir='ltr'><strong>libro</strong></span> <span class='ocrx_word' id='word_1_235' title='bbox 793 3294 1149 3346; x_wconf 84' lang='lat' dir='ltr'><strong>Decretorum</strong></span> <span class='ocrx_word' id='word_1_236' title='bbox 1187 3293 1374 3359; x_wconf 80' lang='lat' dir='ltr'><strong>Capit.</strong></span> <span class='ocrx_word' id='word_1_237' title='bbox 1417 3294 1751 3348; x_wconf 81' lang='grc'>1755-1759.</span> 
     </span>
    </p>
   </div>
   <div class='ocr_carea' id='block_1_4' title="bbox 273 3381 2717 3535">
    <p class='ocr_par' dir='ltr' id='par_1_9' title="bbox 273 3381 2717 3535">
     <span class='ocr_line' id='line_1_29' title="bbox 414 3381 2717 3454; baseline 0.003 -19"><span class='ocrx_word' id='word_1_238' title='bbox 414 3381 527 3435; x_wconf 83' lang='lat' dir='ltr'><strong>VII</strong></span> <span class='ocrx_word' id='word_1_239' title='bbox 554 3381 798 3434; x_wconf 69' lang='lat' dir='ltr'><strong>Donum.</strong></span> <span class='ocrx_word' id='word_1_240' title='bbox 840 3411 906 3420; x_wconf 89' lang='lat'><strong>-—</strong></span> <span class='ocrx_word' id='word_1_241' title='bbox 944 3383 1045 3435; x_wconf 88' lang='lat' dir='ltr'><strong>Die</strong></span> <span class='ocrx_word' id='word_1_242' title='bbox 1088 3383 1153 3434; x_wconf 77' lang='lat'><strong>16</strong></span> <span class='ocrx_word' id='word_1_243' title='bbox 1192 3384 1329 3435; x_wconf 73' lang='lat' dir='ltr'><strong>Maii</strong></span> <span class='ocrx_word' id='word_1_244' title='bbox 1369 3381 1504 3435; x_wconf 79' lang='lat'><strong>1762</strong></span> <span class='ocrx_word' id='word_1_245' title='bbox 1543 3384 1782 3448; x_wconf 80' lang='lat' dir='ltr'><strong>eligitur</strong></span> <span class='ocrx_word' id='word_1_246' title='bbox 1815 3386 2017 3438; x_wconf 80' lang='lat' dir='ltr'><strong>custos</strong></span> <span class='ocrx_word' id='word_1_247' title='bbox 2053 3387 2382 3439; x_wconf 82' lang='lat' dir='ltr'><strong>Sanctarum</strong></span> <span class='ocrx_word' id='word_1_248' title='bbox 2422 3387 2717 3454; x_wconf 73' lang='lat' dir='ltr'><strong>Reliquia-</strong></span> 
     </span>
     <span class='ocr_line' id='line_1_30' title="bbox 273 3468 1198 3535; baseline 0.004 -17"><span class='ocrx_word' id='word_1_249' title='bbox 273 3481 398 3518; x_wconf 85' lang='lat' dir='ltr'><strong>rum</strong></span> <span class='ocrx_word' id='word_1_250' title='bbox 435 3482 505 3519; x_wconf 80' lang='lat' dir='ltr'><strong>ex</strong></span> <span class='ocrx_word' id='word_1_251' title='bbox 541 3468 721 3521; x_wconf 83' lang='lat' dir='ltr'><strong>ecdem</strong></span> <span class='ocrx_word' id='word_1_252' title='bbox 762 3470 906 3521; x_wconf 87' lang='lat' dir='ltr'><strong>libro</strong></span> <span class='ocrx_word' id='word_1_253' title='bbox 942 3483 1069 3535; x_wconf 80' lang='lat' dir='ltr'><strong>pag.</strong></span> <span class='ocrx_word' id='word_1_254' title='bbox 1113 3470 1198 3522; x_wconf 87' lang='grc'>78.</span> 
     </span>
    </p>
   </div>
   <div class='ocr_carea' id='block_1_5' title="bbox 272 3555 2712 3894">
    <p class='ocr_par' dir='ltr' id='par_1_10' title="bbox 272 3555 2711 3702">
     <span class='ocr_line' id='line_1_31' title="bbox 419 3555 2711 3632; baseline 0.005 -24"><span class='ocrx_word' id='word_1_255' title='bbox 419 3555 560 3608; x_wconf 86' lang='lat' dir='ltr'>VIII</span> <span class='ocrx_word' id='word_1_256' title='bbox 599 3558 817 3608; x_wconf 87' lang='lat' dir='ltr'><strong>Docum.</strong></span> <span class='ocrx_word' id='word_1_257' title='bbox 860 3586 927 3596; x_wconf 91' lang='lat'>—</span> <span class='ocrx_word' id='word_1_258' title='bbox 965 3558 1068 3609; x_wconf 89' lang='lat' dir='ltr'><strong>Die</strong></span> <span class='ocrx_word' id='word_1_259' title='bbox 1105 3558 1138 3608; x_wconf 85' lang='lat'>8</span> <span class='ocrx_word' id='word_1_260' title='bbox 1176 3558 1315 3610; x_wconf 88' lang='lat' dir='ltr'><strong>Iulii</strong></span> <span class='ocrx_word' id='word_1_261' title='bbox 1355 3560 1492 3611; x_wconf 84' lang='grc'>1764</span> <span class='ocrx_word' id='word_1_262' title='bbox 1527 3561 1885 3613; x_wconf 85' lang='lat' dir='ltr'><strong>confirmatur</strong></span> <span class='ocrx_word' id='word_1_263' title='bbox 1919 3562 2119 3614; x_wconf 80' lang='lat' dir='ltr'><strong>Custos</strong></span> <span class='ocrx_word' id='word_1_264' title='bbox 2157 3563 2255 3616; x_wconf 86' lang='lat' dir='ltr'><strong>SS.</strong></span> <span class='ocrx_word' id='word_1_265' title='bbox 2297 3564 2711 3632; x_wconf 79' lang='lat' dir='ltr'><strong>Reliquiarum,</strong></span> 
     </span>
     <span class='ocr_line' id='line_1_32' title="bbox 272 3645 1514 3702; baseline 0.005 -6"><span class='ocrx_word' id='word_1_266' title='bbox 272 3661 344 3697; x_wconf 83' lang='lat' dir='ltr'><strong>ex</strong></span> <span class='ocrx_word' id='word_1_267' title='bbox 384 3645 569 3696; x_wconf 88' lang='lat' dir='ltr'><strong>eodem</strong></span> <span class='ocrx_word' id='word_1_268' title='bbox 607 3646 750 3698; x_wconf 84' lang='lat' dir='ltr'><strong>libro</strong></span> <span class='ocrx_word' id='word_1_269' title='bbox 787 3647 857 3698; x_wconf 89' lang='lat' dir='ltr'><strong>ab</strong></span> <span class='ocrx_word' id='word_1_270' title='bbox 893 3662 1036 3699; x_wconf 81' lang='lat' dir='ltr'><strong>auno</strong></span> <span class='ocrx_word' id='word_1_271' title='bbox 1073 3649 1209 3700; x_wconf 87' lang='grc'>1759</span> <span class='ocrx_word' id='word_1_272' title='bbox 1247 3649 1315 3700; x_wconf 85' lang='lat' dir='ltr'><strong>ad</strong></span> <span class='ocrx_word' id='word_1_273' title='bbox 1358 3651 1514 3702; x_wconf 78' lang='lat'><strong>1765.</strong></span> 
     </span>
    </p>

    <p class='ocr_par' dir='ltr' id='par_1_11' title="bbox 275 3734 2712 3894">
     <span class='ocr_line' id='line_1_33' title="bbox 413 3734 2712 3806; baseline 0.004 -21"><span class='ocrx_word' id='word_1_274' title='bbox 413 3734 497 3785; x_wconf 80' lang='lat' dir='ltr'><strong>IX</strong></span> <span class='ocrx_word' id='word_1_275' title='bbox 539 3735 756 3788; x_wconf 87' lang='lat' dir='ltr'><strong>Docum.</strong></span> <span class='ocrx_word' id='word_1_276' title='bbox 798 3762 862 3773; x_wconf 90' lang='lat'>—</span> <span class='ocrx_word' id='word_1_277' title='bbox 903 3739 970 3788; x_wconf 91' lang='lat' dir='ltr'><strong>lu</strong></span> <span class='ocrx_word' id='word_1_278' title='bbox 1026 3738 1246 3789; x_wconf 84' lang='lat' dir='ltr'><strong>elencho</strong></span> <span class='ocrx_word' id='word_1_279' title='bbox 1284 3740 1673 3803; x_wconf 83' lang='lat' dir='ltr'><strong>Episcoporum</strong></span> <span class='ocrx_word' id='word_1_280' title='bbox 1711 3740 1809 3806; x_wconf 89' lang='lat' dir='ltr'><strong>qui</strong></span> <span class='ocrx_word' id='word_1_281' title='bbox 1861 3740 2087 3792; x_wconf 80' lang='lat' dir='ltr'><strong>fuerunt</strong></span> <span class='ocrx_word' id='word_1_282' title='bbox 2137 3741 2403 3793; x_wconf 79' lang='lat' dir='ltr'><strong>canonici</strong></span> <span class='ocrx_word' id='word_1_283' title='bbox 2464 3742 2712 3804; x_wconf 80' lang='lat' dir='ltr'><strong>legitur:</strong></span> 
     </span>
     <span class='ocr_line' id='line_1_34' title="bbox 275 3822 2254 3894; baseline 0.004 -21"><span class='ocrx_word' id='word_1_284' title='bbox 275 3822 479 3886; x_wconf 83' lang='lat' dir='ltr'><strong>Ioseph</strong></span> <span class='ocrx_word' id='word_1_285' title='bbox 515 3822 849 3875; x_wconf 82' lang='lat' dir='ltr'><strong>Assemanus</strong></span> <span class='ocrx_word' id='word_1_286' title='bbox 884 3825 1192 3878; x_wconf 77' lang='lat' dir='ltr'><strong>canonicus</strong></span> <span class='ocrx_word' id='word_1_287' title='bbox 1226 3826 1688 3893; x_wconf 79' lang='lat' dir='ltr'><strong>Archiepiscopus</strong></span> <span class='ocrx_word' id='word_1_288' title='bbox 1727 3829 1869 3894; x_wconf 78' lang='lat' dir='ltr'><strong>Tyri</strong></span> <span class='ocrx_word' id='word_1_289' title='bbox 1904 3844 2047 3880; x_wconf 81' lang='lat' dir='ltr'><strong>anno</strong></span> <span class='ocrx_word' id='word_1_290' title='bbox 2086 3826 2254 3880; x_wconf 83' lang='grc'>1766.</span> 
     </span>
    </p>
   </div>
   <div class='ocr_carea' id='block_1_6' title="bbox 272 4191 2724 4347">
    <p class='ocr_par' dir='ltr' id='par_1_12' title="bbox 272 4191 2724 4347">
     <span class='ocr_line' id='line_1_35' title="bbox 420 4191 2720 4247; baseline 0 -2"><span class='ocrx_word' id='word_1_291' title='bbox 420 4191 749 4245; x_wconf 83' lang='lat' dir='ltr'><strong>Huiusmodi</strong></span> <span class='ocrx_word' id='word_1_292' title='bbox 787 4192 1108 4246; x_wconf 87' lang='lat' dir='ltr'><strong>documenta</strong></span> <span class='ocrx_word' id='word_1_293' title='bbox 1145 4198 1400 4245; x_wconf 84' lang='lat' dir='ltr'><strong>extracta</strong></span> <span class='ocrx_word' id='word_1_294' title='bbox 1422 4198 1551 4245; x_wconf 82' lang='lat' dir='ltr'><strong>sunt</strong></span> <span class='ocrx_word' id='word_1_295' title='bbox 1589 4209 1656 4245; x_wconf 83' lang='lat' dir='ltr'><strong>ex</strong></span> <span class='ocrx_word' id='word_1_296' title='bbox 1695 4194 1864 4245; x_wconf 85' lang='lat' dir='ltr'><strong>libris</strong></span> <span class='ocrx_word' id='word_1_297' title='bbox 1890 4193 2147 4245; x_wconf 78' lang='lat' dir='ltr'><strong>Archivii</strong></span> <span class='ocrx_word' id='word_1_298' title='bbox 2168 4194 2263 4247; x_wconf 83' lang='lat' dir='ltr'><strong>SS.</strong></span> <span class='ocrx_word' id='word_1_299' title='bbox 2300 4193 2579 4245; x_wconf 71' lang='lat' dir='ltr'><strong>Basilicas</strong></span> <span class='ocrx_word' id='word_1_300' title='bbox 2606 4195 2720 4246; x_wconf 76' lang='lat' dir='ltr'><strong>Va·</strong></span> 
     </span>
     <span class='ocr_line' id='line_1_36' title="bbox 272 4281 2724 4347; baseline -0.001 -14"><span class='ocrx_word' id='word_1_301' title='bbox 272 4283 499 4333; x_wconf 65' lang='lat' dir='ltr'><strong>ticenae</strong></span> <span class='ocrx_word' id='word_1_302' title='bbox 526 4296 618 4345; x_wconf 86' lang='lat' dir='ltr'><strong>per</strong></span> <span class='ocrx_word' id='word_1_303' title='bbox 641 4281 818 4332; x_wconf 68' lang='lat' dir='ltr'><strong>Diium</strong></span> <span class='ocrx_word' id='word_1_304' title='bbox 844 4282 1066 4333; x_wconf 88' lang='lat' dir='ltr'><strong>Petrum</strong></span> <span class='ocrx_word' id='word_1_305' title='bbox 1096 4283 1319 4335; x_wconf 84' lang='lat' dir='ltr'><strong>Wenzel</strong></span> <span class='ocrx_word' id='word_1_306' title='bbox 1357 4281 1720 4347; x_wconf 77' lang='lat' dir='ltr'><strong>Sacerdotem,</strong></span> <span class='ocrx_word' id='word_1_307' title='bbox 1764 4282 2039 4334; x_wconf 79' lang='lat' dir='ltr'><strong>clericum</strong></span> <span class='ocrx_word' id='word_1_308' title='bbox 2077 4282 2469 4332; x_wconf 80' lang='lat' dir='ltr'><strong>Beneficiatum</strong></span> <span class='ocrx_word' id='word_1_309' title='bbox 2493 4285 2552 4333; x_wconf 87' lang='lat' dir='ltr'><strong>et</strong></span> <span class='ocrx_word' id='word_1_310' title='bbox 2578 4281 2724 4334; x_wconf 81' lang='lat' dir='ltr'><strong>Sub-</strong></span> 
     </span>
    </p>
   </div>
   <div class='ocr_carea' id='block_1_7' title="bbox 264 4369 2716 4514">
    <p class='ocr_par' dir='ltr' id='par_1_13' title="bbox 264 4369 2716 4514">
     <span class='ocr_line' id='line_1_37' title="bbox 264 4369 2716 4438; baseline -0.002 -13"><span class='ocrx_word' id='word_1_311' title='bbox 264 4372 646 4425; x_wconf 79' lang='lat' dir='ltr'><strong>archivistam</strong></span> <span class='ocrx_word' id='word_1_312' title='bbox 710 4371 953 4423; x_wconf 84' lang='lat' dir='ltr'><strong>eiusdem</strong></span> <span class='ocrx_word' id='word_1_313' title='bbox 991 4373 1305 4438; x_wconf 77' lang='lat' dir='ltr'><strong>Basilicae,</strong></span> <span class='ocrx_word' id='word_1_314' title='bbox 1348 4373 1445 4438; x_wconf 84' lang='lat' dir='ltr'><strong>qui</strong></span> <span class='ocrx_word' id='word_1_315' title='bbox 1481 4388 1546 4424; x_wconf 82' lang='lat' dir='ltr'><strong>ea</strong></span> <span class='ocrx_word' id='word_1_316' title='bbox 1584 4371 1935 4424; x_wconf 81' lang='lat' dir='ltr'><strong>exactissime</strong></span> <span class='ocrx_word' id='word_1_317' title='bbox 1975 4376 2033 4422; x_wconf 87' lang='lat' dir='ltr'><strong>et</strong></span> <span class='ocrx_word' id='word_1_318' title='bbox 2069 4371 2301 4422; x_wconf 86' lang='lat' dir='ltr'><strong>comiter</strong></span> <span class='ocrx_word' id='word_1_319' title='bbox 2341 4369 2716 4435; x_wconf 71' lang='lat' dir='ltr'><strong>transcripsit</strong></span> 
     </span>
     <span class='ocr_line' id='line_1_38' title="bbox 268 4460 1006 4514; baseline -0.001 -2"><span class='ocrx_word' id='word_1_320' title='bbox 268 4461 364 4513; x_wconf 85' lang='lat' dir='ltr'><strong>die</strong></span> <span class='ocrx_word' id='word_1_321' title='bbox 402 4462 454 4514; x_wconf 81' lang='lat' dir='ltr'><strong>V</strong></span> <span class='ocrx_word' id='word_1_322' title='bbox 494 4460 634 4512; x_wconf 89' lang='lat' dir='ltr'><strong>Iulii</strong></span> <span class='ocrx_word' id='word_1_323' title='bbox 672 4461 805 4511; x_wconf 81' lang='lat' dir='ltr'><strong>anni</strong></span> <span class='ocrx_word' id='word_1_324' title='bbox 848 4460 1006 4511; x_wconf 84' lang='lat'><strong>1881.</strong></span> 
     </span>
    </p>
   </div>
  </div>
 </body>
</html>
