3525 5454
754 572 1110 659 Eugenius
1179 594 1328 638 cum
1380 571 1687 639 omnibus
1740 573 2022 640 Latinis
2073 574 2194 663 qui
2240 573 2317 639 in
2373 571 2666 641 civitate
2722 573 2926 637 erant
2994 564 3207 635 simul

752 678 1255 761 convenientes,
1293 678 1722 767 Episcopum,
1760 679 2108 746 Romanae
2153 678 2500 747 Ecclesiae
2530 678 2733 745 fidem
2763 677 3206 764 profitentem

752 784 1010 872 eligere
1057 787 1491 867 statuerunt,
1540 785 1630 853 ad
1674 786 2184 876 propagandam
2244 786 2535 853 duarum
2592 784 3043 853 voluntatum
3089 780 3207 846 do·

754 890 1052 957 ctrinam
1098 894 1340 957 contra
1384 890 1580 957 illam
1624 891 2060 965 Graecorum,
2092 893 2238 982 (qui
2307 896 2545 980 postea
2614 887 2987 957 Melchitae
3033 890 3204 955 sunt

753 997 1145 1087 appellati).
1197 998 1441 1065 Omnes
1486 1020 1626 1064 una
1670 1020 1833 1066 voce
1881 1000 2205 1067 Ioannem
2251 999 2600 1065 Maronem
2645 996 3058 1084 Episcopum
3102 992 3209 1059 di·

754 1107 1033 1186 xerunt,
1069 1104 1189 1191 qui
1220 1102 1576 1171 Cardinali
1608 1103 2021 1193 propositus,
2063 1105 2441 1193 Episcopus
2470 1104 2829 1172 Botrensis
2853 1106 2927 1169 et
2952 1100 3210 1167 montis

754 1209 1007 1277 Libani
1051 1213 1162 1277 est
1205 1214 1662 1293 consecratus,
1712 1215 1798 1277 ut
1842 1210 2248 1278 Libaniotas
2294 1211 2370 1276 in
2398 1209 2531 1277 fide
2577 1208 2923 1276 Romanae
2971 1203 3211 1275 Eccle-

758 1316 898 1383 siae
944 1316 1406 1397 confirmaret,
1441 1315 1823 1384 fatentibus
1854 1317 2025 1404 ipsis
2055 1317 2382 1384 Iacobitis
2411 1317 2487 1381 in
2509 1314 2893 1383 catechesi.
2928 1312 3214 1403 Episco-

758 1423 905 1513 pali
928 1424 1275 1511 dignitate
1307 1426 1555 1490 auctus
1584 1422 1774 1490 illico
1800 1423 1875 1489 in
1896 1423 2304 1491 Phoeniciae
2334 1443 2492 1489 oras
2522 1424 2871 1511 profectus
2885 1424 2993 1486 est
3009 1440 3208 1507 prae-

760 1532 1244 1612 dicationibus,
1294 1530 1754 1614 missionibus,
1806 1537 1880 1598 et
1924 1531 2477 1612 visitationibus,
2529 1554 2652 1598 nec
2692 1551 2831 1596 non
2874 1532 2949 1594 et
2981 1526 3216 1593 admo·

757 1639 1138 1705 nitionibus
1183 1638 1479 1727 optimae
1524 1636 1741 1705 indoli
1788 1641 1863 1704 et
1908 1638 2218 1725 precibus
2278 1635 2687 1718 coniunctis,
2719 1635 2884 1702 illos
2915 1631 3214 1722 populos

758 1743 1147 1811 obedientes
1194 1742 1521 1825 reddidit,
1571 1748 1644 1811 et
1689 1743 1764 1809 in
1810 1766 1978 1811 vera
2023 1744 2157 1811 fide
2202 1743 2584 1811 roboravit.

892 1850 977 1916 In
1046 1849 1411 1916 excolenda
1477 1849 1679 1917 vinea
1747 1849 2022 1916 Domini
2080 1872 2150 1917 se
2218 1855 2444 1917 totum
2511 1847 2885 1938 impendit,
2934 1868 3011 1913 eo
3066 1867 3224 1912 suc-

759 1977 977 2036 cessu,
1027 1959 1113 2021 ut
1158 1955 1244 2021 ad
1289 1976 1524 2021 veram
1571 1954 1769 2022 fidem
1815 1956 2051 2044 plures
2111 1956 2638 2045 Monophysitas
2704 1959 2915 2042 atque
2976 1951 3218 2025 Mono-

760 2061 1055 2128 thelitas
1112 2064 1262 2128 tum
1330 2060 1531 2148 longe
1600 2059 1928 2144 dissitos,
1994 2066 2146 2128 tum
2216 2062 2591 2143 finitimos,
2657 2065 2809 2126 tum
2868 2078 3215 2133 convenas

761 2191 1041 2251 servos,
1092 2172 1244 2234 tum
1290 2168 1363 2233 in
1422 2167 1782 2256 indigenas
1841 2167 2277 2256 perduxerit.
2326 2168 2468 2235 Illa
2512 2167 2705 2234 natio
2750 2189 2886 2232 non
2931 2168 3224 2231 tantum

760 2274 1034 2356 animo,
1084 2273 1203 2339 sed
1268 2272 1480 2339 etiam
1526 2274 1795 2340 viribus
1863 2272 2117 2356 fortis,
2165 2273 2362 2341 brevi
2408 2278 2746 2361 tempore,
2794 2293 2931 2338 non
2989 2268 3223 2334 solum

765 2400 993 2446 omnes
1059 2379 1313 2446 montis
1358 2378 1608 2445 Libani
1667 2378 2057 2468 provincias
2111 2380 2401 2448 subiecit
2434 2430 2450 2462 ,
2500 2378 2616 2446 sed
2677 2377 2889 2444 etiam
2950 2394 3220 2441 omnem

767 2485 1135 2571 regionem,
1186 2507 1359 2573 quae
1404 2506 1448 2550 a
1492 2485 1973 2576 Hierosolyma
2019 2508 2232 2574 usque
2277 2486 2366 2552 ad
2408 2483 2780 2552 Armeniae
2820 2479 3221 2569 provincias

764 2590 1133 2678 pertingit,
1177 2596 1260 2657 ut
1290 2589 1635 2659 Cedrenus
1658 2592 1732 2658 in
1762 2592 2061 2660 historia
2095 2592 2536 2661 Constantini
2565 2590 2905 2678 Pogonati
2933 2591 3212 2669 narrat,

764 2700 840 2765 et
885 2696 1188 2765 Zonaras
1234 2702 1308 2764 et
1351 2697 1614 2764 Paulus
1658 2697 2143 2767 samosatenus
2186 2703 2261 2766 et
2284 2699 2410 2766 alii
2456 2697 2777 2766 historici
2807 2694 3059 2786 graeci.
3100 2693 3220 2762 Ex

765 2807 1010 2894 quibus
1081 2805 1602 2873 narrationibus
1668 2808 2072 2894 agnoscitur
2147 2808 2474 2896 quomodo
2541 2805 2832 2874 Ioannes
2876 2805 3071 2871 Maro
3116 2803 3213 2871 ad

764 2911 1067 2978 Montem
1113 2912 1452 2979 Libanum
1515 2913 1915 3000 pervenerit
1943 2962 1961 2997 ,
2027 2914 2352 3004 quomodo
2399 2913 2612 2980 vicini
2680 2917 2754 2979 et
2818 2910 3215 2999 longinqui,

766 3019 955 3085 servi
1000 3022 1074 3084 et
1116 3018 1319 3085 liberi
1358 3068 1372 3100 ,
1438 3018 1738 3107 undique
1785 3020 1872 3086 ad
1917 3043 2069 3087 eum
2117 3021 2563 3089 convenerint
2601 3071 2615 3105 ,
2682 3026 2767 3086 ut
2820 3023 3218 3087 armentum

766 3125 853 3191 ad
897 3124 1210 3191 Pastoris
1255 3147 1506 3208 vocem,
1573 3124 1752 3214 quod
1801 3146 2058 3192 omnem
2120 3125 2399 3215 Syriam
2470 3125 2852 3213 occupavit.
2927 3123 3220 3193 Etenim

762 3228 1111 3296 duodecim
1162 3229 1388 3297 millia
1440 3229 1769 3315 militum,
1831 3232 1955 3297 sub
2007 3231 2218 3298 Ducis
2250 3230 2532 3319 imperio
2564 3231 3001 3322 pugnabant,
3046 3229 3220 3296 Per-

768 3336 912 3403 siae
939 3343 1013 3403 et
1041 3338 1346 3405 Arabiae
1393 3340 1726 3427 regiones,
1778 3340 2030 3429 absque
2082 3341 2230 3407 ullo
2287 3340 2532 3408 timore
2591 3340 3017 3407 invadentes.
3059 3338 3222 3422 Qua

767 3441 850 3510 de
896 3465 1136 3527 causa,
1188 3467 1415 3511 omnes
1460 3445 1670 3512 timor
1713 3448 1999 3535 accepit,
2035 3447 2282 3536 etipse
2342 3446 2830 3514 Saracenorum
2885 3447 3219 3534 Princeps

768 3550 1222 3641 Mahanajat,
1272 3574 1423 3618 cum
1489 3551 1651 3619 aliis
1705 3552 2009 3637 ducibuS,
2083 3554 2574 3642 Imperatorem
2620 3553 3034 3623 Graecorum
3092 3552 3219 3620 Di-

768 3660 936 3727 vina
979 3658 1430 3726 Providentia
1494 3659 1809 3726 adiutum
1843 3711 1858 3743 ,
1909 3661 2267 3748 cognovit,
2320 3665 2393 3727 et
2437 3660 2812 3727 submissus
2855 3681 3082 3748 pacem
3130 3659 3219 3725 ab

769 3788 844 3834 eo
890 3765 1276 3854 quaesivit,
1327 3771 1401 3834 et
1444 3789 1748 3834 annuum
1793 3769 2140 3836 tributum
2173 3818 2186 3852 ,
2240 3769 2463 3836 decem
2509 3767 2736 3835 millia
2781 3771 3219 3835 scutatorum

768 3893 1158 3954 aureorum,
1192 3893 1315 3938 nec
1358 3895 1493 3939 non
1537 3895 1769 3940 servos
1806 3879 1880 3940 et
1922 3891 2130 3963 equos
2161 3876 2498 3964 promisit.
2537 3874 3033 3942 Constantinus
3065 3897 3221 3963 pre-

769 3979 958 4046 cibus
1000 3979 1277 4061 annuit,
1306 3983 1381 4045 et
1410 3979 1706 4047 maxima
1736 4003 1871 4068 pax
1900 3986 2070 4048 tunc
2113 3983 2187 4048 in
2229 3982 2511 4050 Oriente
2557 3986 2632 4049 et
2674 3982 3032 4052 Occidente
3063 4006 3220 4051 con-

768 4089 1046 4155 firmata
1087 4087 1253 4154 fuit.
1306 4086 1858 4175 Tranquillitate
1903 4093 1976 4155 et
2021 4110 2183 4177 pace
2228 4088 2361 4154 tali
2407 4088 2600 4156 modo
2647 4094 3042 4178 assequuta,
3077 4091 3221 4157 Im·

768 4197 1075 4282 perator,
1093 4193 1473 4262 Concilium
1495 4195 1621 4263 VI.
1638 4195 2173 4277 Oecumenicum,
2201 4194 3044 4284 Constantinopolitanum
3069 4197 3213 4266 ΠΙ.

769 4299 1031 4367 indixit
1062 4304 1302 4367 contra
1320 4300 1835 4383 Monothelitas,
1857 4305 1940 4367 ut
1970 4299 2189 4382 civili,
2207 4300 2561 4389 Religiosa
2587 4299 2798 4367 etiam
2823 4323 2959 4389 pax
2981 4301 3226 4368 adiun-

773 4411 1081 4494 geretur.
1118 4408 1263 4474 Hoc
1308 4407 1711 4488 Concilium,
1747 4407 1927 4493 quod
1972 4428 2146 4473 anno
2193 4407 2324 4474 680
2370 4406 2478 4474 die
2511 4407 2553 4473 9
2585 4406 2990 4474 Novembris
3033 4406 3222 4476 ince-

773 4514 907 4602 pit,
944 4518 1017 4581 et
1061 4514 1377 4603 sequenti
1420 4536 1596 4590 anno
1641 4512 1785 4579 fuit
1837 4513 2250 4596 absolutum,
2288 4514 2413 4579 sub
2459 4513 2836 4601 Agathone
2882 4513 3070 4601 Papa
3114 4537 3228 4583 ce-

776 4621 1122 4688 lebratum
1167 4619 1335 4687 fuit.
