3525 5454
1338 514 1416 529 -
1452 486 1523 540 35
1561 514 1630 528 .-

252 587 398 655 teri
432 593 516 655 et
568 586 908 673 Monachi,
938 611 1087 656 cum
1119 588 1388 676 ingenti
1420 589 1670 678 Populi
1700 584 2184 669 multitudine,
2212 583 2529 673 {undique
2561 605 2714 651 oon·

252 700 640 778 venerunt,
674 700 760 762 ut
789 693 1180 764 venerabile
1227 716 1471 782 corpus
1515 694 1876 784 sepulchro
1908 692 2298 774 conderent,
2336 695 2409 757 et
2441 692 2525 756 ab
2568 691 2715 778 ipso

247 800 798 868 benedictionem
844 802 1255 889 acciperent.
1305 800 1922 889 collacrymanteS,
1958 822 2201 888 corpus
2228 823 2379 866 cum
2424 799 2715 866 canticis

242 909 329 971 et
373 906 710 993 psalmis,
761 909 971 974 thure
1017 913 1090 975 et
1149 906 1654 990 luminaribus,
1703 911 2106 974 reverenter
2166 905 2592 994 sepelierunt
2637 907 2713 972 in

244 1014 495 1081 eodem
544 1016 889 1097 coenobie,
939 1019 1025 1080 ut
1068 1018 1308 1102 aperte
1354 1013 1718 1101 colligitur
1762 1035 1848 1079 ex
1893 1012 2043 1079 eius
2088 1013 2410 1096 historia,
2460 1013 2534 1078 in
2579 1034 2716 1101 qua

247 1120 588 1201 habetur,
627 1126 858 1188 sancte
904 1122 1127 1208 ipsum
1174 1120 1534 1187 decessisse
1559 1119 1731 1186 etin
1760 1118 2166 1186 Chefar-hai
2212 1119 2558 1208 sepultum
2602 1120 2712 1185 fu-

246 1225 414 1292 isse.
472 1226 677 1295 Nona
721 1228 805 1293 ab
850 1227 998 1293 eius
1028 1230 1246 1294 morte
1294 1226 1426 1307 die,
1465 1225 1725 1292 iterum
1773 1225 2094 1314 Episcopi
2126 1229 2200 1292 et
2245 1223 2509 1292 Abates
2554 1247 2705 1291 cum

249 1334 540 1422 popule,
575 1334 662 1401 ad
708 1333 898 1401 iusta
941 1334 1005 1401 ei
1051 1332 1498 1422 persolvenda
1550 1336 2020 1399 convenerunt
2073 1337 2146 1398 et
2188 1337 2558 1419 antequam
2604 1352 2709 1398 sa-

243 1442 600 1508 crificium
646 1443 999 1522 offerrent,
1034 1442 1184 1508 eius
1213 1441 1545 1528 Nepotem
1590 1462 2036 1507 successorem
2083 1439 2471 1527 elegerunt,

387 1549 660 1617 LXIV.
699 1549 955 1623 Curium
977 1552 1171 1616 Patr.
1203 1548 1640 1616 Antiochiae.
1670 1546 2122 1614 Constantino
2155 1548 2358 1635 Syr0,
2386 1546 2710 1613 Pontifici

248 1654 597 1738 Romano,
624 1656 1079 1724 Patriarchae
1110 1662 1439 1738 mortem,
1465 1659 1540 1721 et
1586 1653 1785 1720 Curii
1815 1652 2216 1721 electionem
2240 1653 2536 1740 signatis
2567 1653 2708 1741 epi-

250 1764 465 1830 stolis
491 1763 1029 1830 annuntiarunt.
1070 1764 1262 1829 Tunc
1305 1760 1634 1829 Pontifex
1658 1758 1973 1847 pallium,
2004 1758 2455 1824 auctoritatis
2500 1763 2573 1825 et
2605 1757 2713 1824 iu-

249 1872 692 1939 risdictionis
721 1872 1018 1959 signum,
1054 1871 1119 1938 ei
1151 1870 1346 1936 misit
1393 1866 1571 1956 quod
1617 1865 1728 1932 his
1774 1865 2002 1932 verbis
2035 1864 2107 1930 in
2141 1863 2210 1931 S.
2248 1864 2529 1931 Ioannis
2560 1865 2704 1931 Ma-

251 1977 450 2043 ronis
477 1977 778 2043 historia
808 1983 1174 2043 narratur.
1215 2005 1246 2037 u
1273 1974 1441 2040 Post
1474 1975 1695 2061 ipsum
1727 1971 1927 2038 Patr.
1965 1971 2379 2038 Antiochiae
2410 1970 2553 2036 fuit
2577 1970 2706 2037 Cu-

253 2110 286 2144 »
323 2084 485 2149 rius
517 2106 716 2172 quem
748 2084 1073 2150 Pontifex
1105 2083 1454 2149 Romanus
1485 2079 1944 2160 confirmavit,
1981 2083 2056 2146 et
2078 2077 2292 2166 pallio
2326 2079 2639 2145 donavit.
2666 2106 2698 2141 n

248 2192 361 2259 Ex
393 2214 475 2258 eo
502 2197 808 2278 tempore
839 2191 1344 2257 Maronitarum
1374 2186 1854 2268 Patriarchae,
1890 2186 2094 2251 iuxta
2123 2184 2318 2249 Rom.
2357 2184 2702 2252 Ecclesiae

251 2321 537 2366 morem.
560 2298 793 2381 anu10,
830 2297 1061 2382 mitra,
1101 2302 1174 2364 et
1219 2296 1433 2385 pallio
1466 2299 1796 2360 utuntur.
1832 2293 2042 2360 Curio
2076 2292 2420 2375 defuncto,
2449 2293 2699 2360 Antio-

248 2406 455 2473 chiae
505 2405 919 2472 Patriarcha
963 2404 1281 2491 eligitur.

387 2512 618 2580 LXV.
677 2509 962 2600 Gabriel,
1010 2509 1128 2597 qui
1183 2508 1257 2574 in
1317 2506 1650 2575 Coenobio
1696 2505 2104 2573 Chefar-hai
2150 2505 2468 2572 manebat
2493 2556 2511 2588 ‚
2543 2508 2698 2593 post

254 2638 512 2703 ipsum.

390 2722 657 2793 LXVI.
710 2724 987 2798 Ioannes
1033 2724 1097 2797 Π
1142 2722 1338 2812 Maro,
1386 2721 1507 2811 qui
1550 2719 1625 2786 in
1670 2718 1745 2787 S.
1781 2716 2088 2786 Maronis
2119 2717 2450 2800 coenobio,
2500 2717 2706 2786 iuxta

251 2828 546 2897 Orontis
581 2831 854 2912 flumen,
890 2829 1250 2917 aliquanto
1284 2828 1539 2895 mansit
1570 2828 1644 2893 in
1689 2824 2103 2893 monasterio
2150 2827 2232 2892 B.
2269 2825 2585 2913 Virginis
2629 2827 2706 2893 in

253 2958 433 3024 pago
474 2938 523 3006 J
527 2937 800 3021 anuchi;
839 2937 1049 3002 morti
1079 2936 1456 3024 proximus,
1492 2933 1892 3000 Sacerdotes
1923 2935 1996 2998 et
2031 2931 2453 3019 Superiores,
2488 2934 2576 3000 ad
2622 2955 2695 2999 se

251 3043 701 3131 vocavit,qui
728 3042 876 3109 eius
922 3043 1229 3124 consili0,
1265 3041 1727 3109 Successorem
1776 3038 2170 3125 elegerunt,

382 3147 685 3216 LXVII.
738 3150 1043 3223 Ioannem
1088 3171 1173 3216 ex
1219 3170 1393 3234 pago
1453 3145 1752 3213 DemlaS.
1805 3144 2066 3211 Deinde
2125 3145 2697 3213 Patriarcharum

250 3251 672 3321 Antiochiae
720 3256 1046 3321 successio
1092 3255 1217 3321 hoc
1263 3254 1501 3321 ordine
1546 3253 1709 3319 fuit.

384 3359 729 3430 LXVIII.
853 3361 1048 3428 Patr.
1101 3360 1471 3454 Gregorius.

383 3466 650 3538 LXIX.
852 3467 1050 3534 Patr.
1100 3468 1493 3558 stephanus.

382 3574 610 3644 LXX.
851 3575 1051 3644 Patr.
1104 3574 1386 3647 Marcus.

250 3733 271 3746 .
381 3680 646 3747 LXXI.
850 3681 1046 3747 Patr.
1098 3677 1441 3753 Eusebius.

377 3789 687 3857 LXXII.
848 3790 1045 3855 Patr.
1098 3790 1400 3862 Ioannes.

374 3895 726 3963 LXXIII.
840 3896 1041 3962 Patr.
1090 3896 1297 3982 Iosue,
1346 3915 1465 3959 seu
1508 3893 1684 3966 Ion-

372 4000 708 4069 LXXIV.
834 4001 1031 4067 Patr.
1084 3999 1309 4072 David.

372 4107 669 4175 LXXV.
839 4107 1037 4174 Patr.
1090 4105 1464 4199 Gregorius.

374 4215 709 4285 LXXVI.
830 4215 1028 4281 Patr.
1082 4211 1604 4304 Theophilaotus,
1653 4232 1776 4277 seu
1819 4207 2208 4282 Amantilos.

373 4322 750 4391 LXXVII.
833 4321 1032 4387 Patr.
1083 4321 1272 4393 108110
1319 4340 1438 4384 seu
1480 4318 1656 4391 Iona.

372 4428 790 4499 LXXVIII.
817 4427 1019 4494 Patr.
1067 4423 1381 4500 uomitus.
