3525 5454
1382 509 1449 521 -
1488 484 1557 536 25
1596 510 1663 521 ...

297 578 808 649 Maronitarum
853 582 1268 651 Patriarcha
1312 586 1435 650 uni
1480 608 1565 652 ex
1612 586 1774 652 istis
1819 588 2116 673 praeest,
2169 582 2364 651 teste*
2397 583 2746 652 Dominico

298 690 558 778 Magri,
608 690 727 778 qui
773 690 860 757 ad
904 692 1211 775 verbum,
1265 691 1769 777 Patriarchia,
1822 694 1989 760 haec
2033 693 2265 761 habet:
2295 692 2551 761 Romae
2584 714 2746 782 qua·

297 801 466 863 tuor
511 801 681 863 sunt
724 796 1242 866 Patriarchales
1272 797 1635 882 Basilicae,
1672 803 1974 887 quatuor
2005 797 2402 886 assignatae
2432 800 2747 866 Patriar-

295 903 475 985 chis,
522 903 686 970 dum
731 904 982 971 Romae
1028 904 1424 972 universale
1470 903 1851 973 Concilium
1890 906 2210 990 habetur3
2262 905 2444 972 idest
2491 905 2745 974 Basili-

292 1032 382 1077 ca
412 1008 486 1077 S.
521 1010 803 1078 Ioannis
845 1010 1364 1092 Lateranensis‚
1414 1011 1611 1077 Rom.
1649 1010 1998 1091 Pontifici,
2037 1011 2107 1078 S.
2145 1010 2346 1076 Petri
2397 1011 2533 1098 Ap.
2573 1008 2744 1076 Con·
2869 1050 2872 1055 -

294 1114 931 1205 stantinopolitano
977 1114 1455 1199 Patriarchae,
1505 1116 1807 1184 Basilica
1853 1116 1924 1184 S.
1976 1116 2186 1183 Pauli
2222 1116 2369 1204 Ap.
2438 1115 2745 1183 Alexan-

299 1226 536 1308 drino,
585 1224 889 1293 Basilica
932 1224 1007 1292 S.
1056 1222 1321 1291 Mariae
1369 1223 1654 1292 Maioris
1714 1223 1916 1290 Patr.
1966 1222 2425 1302 Antiochen0‚
2477 1222 2598 1311 qui
2644 1245 2746 1289 so-

305 1331 428 1398 lus
471 1335 580 1399 est
616 1329 1042 1413 CatholicuS,
1091 1334 1167 1397 et
1210 1329 1286 1396 in
1331 1330 1681 1418 praesenti
1727 1333 1837 1396 est
1881 1333 2091 1417 caput
2121 1333 2195 1396 et
2222 1328 2481 1395 Rector
2510 1328 2750 1396 Natio-

296 1436 417 1503 nis
461 1436 989 1518 Maronitarum,
1039 1434 1234 1502 Rom.
1287 1436 1630 1503 Ecclesiae
1676 1434 1946 1502 omnino
2001 1434 2390 1520 subiectus3
2440 1434 2746 1502 Basilica

299 1541 381 1609 S.
437 1543 796 1611 Laurentii
839 1544 1041 1610 Patr.
1090 1543 1747 1632 HierosolymitanO.

437 1650 731 1739 Insuper
775 1673 1003 1718 omnes
1048 1649 1555 1717 Maronitarum
1599 1651 2050 1718 Patriarchae
2097 1673 2258 1717 suas
2302 1649 2588 1718 litteras
2634 1651 2738 1716 in—

295 1757 607 1824 scribere
652 1757 902 1839 solent,
960 1758 1313 1845 proprium
1363 1779 1606 1824 nomen
1638 1757 1771 1824 tali
1802 1757 1995 1824 modo
2029 1757 2384 1844 signantes
2429 1756 2739 1847 (Nomen)

295 1868 562 1931 Petras
608 1863 824 1931 Patr.
877 1862 1324 1931 Antiochiae.
1375 1863 1620 1930 Omnes
1664 1867 1899 1929 autem
1957 1863 2239 1929 illorum
2296 1863 2654 1951 epistolae,
2706 1884 2748 1929 a

293 1969 392 2037 R.
443 1971 678 2053 Pont.,
729 1969 1211 2038 cardinalibus
1255 1972 1340 2037 ab
1385 1971 1707 2039 universo
1752 1972 1936 2053 orbe,
1971 1970 2167 2037 nullo
2207 1970 2741 2053 contradicente,

295 2077 663 2165 leguntur.

431 2184 572 2252 Leo
618 2183 688 2250 X
732 2184 1055 2251 Pontifex
1100 2184 1300 2250 Patr.
1354 2184 1652 2253 Simeoni
1698 2185 2155 2267 Hadethensi,
2229 2185 2529 2252 omnium
2575 2184 2738 2251 fide·

296 2288 476 2355 lium
534 2290 609 2355 in
652 2289 932 2357 Oriente
977 2292 1562 2373 commorantium,
1613 2313 1848 2357 curam
1893 2290 2251 2373 commisit,
2288 2296 2361 2357 et
2391 2292 2516 2357 hoc
2546 2290 2738 2379 quia,

292 2401 576 2484 praeter
607 2395 1112 2462 Maronitarum
1136 2396 1364 2479 Patr.,
1393 2397 1662 2463 nullum
1688 2398 2134 2464 existimabat
2158 2418 2300 2462 esse
2325 2395 2741 2463 Antiochiae

297 2501 813 2585 Patriarcham3
862 2501 1170 2588 alioquin
1215 2502 1391 2569 hanc
1435 2525 1668 2570 curam
1702 2503 1816 2569 illi
1874 2526 2011 2571 non
2056 2501 2379 2585 dedisset3
2444 2501 2746 2570 Simeoni

291 2605 463 2673 illos
508 2606 657 2675 ideo
705 2608 1202 2675 commendavit
1246 2608 1408 2697 quia
1454 2610 1961 2677 Maronitarum
2015 2610 2218 2678 Patr.
2265 2610 2561 2698 putabat
2620 2609 2739 2674 ha-

292 2713 456 2780 bere
501 2733 743 2781 veram·
780 2714 1251 2783 Antiochenae
1298 2714 1494 2783 Sedis
1539 2715 2124 2800 iurisdictionem,
2176 2720 2457 2805 propter
2502 2738 2739 2784 veram

295 2819 390 2884 ab
433 2819 745 2907 antiquis
790 2821 1299 2889 successionem.

426 2924 531 2990 Ne
574 2929 807 2992 autem
852 2932 1094 2993 nostra
1137 2929 1598 3015 protrahatur
1643 2929 1887 3011 thesis,
1938 2929 2211 2996 consule
2242 2950 2417 3016 quae
2459 2929 2742 3018 scripsit

287 3031 497 3098 Patr.
547 3031 937 3120 Stephanus
982 3034 1284 3101 Dovaihi
1329 3035 1406 3100 in
1448 3040 1594 3105 art.
1644 3037 1687 3103 8
1717 3036 1866 3102 eius
1900 3035 2089 3118 libri,
2126 3036 2246 3124 qui
2277 3036 2536 3102 dicitur
2570 3035 2746 3102 Pri-

286 3157 489 3204 mum
536 3136 799 3207 lumen.
850 3138 1084 3226 Neque
1128 3140 1389 3228 aliquis
1433 3142 1837 3229 subiungat,
1894 3141 2187 3208 Latinos
2238 3142 2450 3208 etiam
2513 3140 2746 3207 Patri-

288 3246 588 3328 archas,
661 3246 1163 3315 Antiochenam
1231 3247 1467 3315 Sedem
1539 3248 1956 3330 retinuisse,
2008 3270 2165 3314 nam
2236 3247 2743 3313 Maronitarum

287 3351 491 3418 Patr.
545 3343 774 3419 eodem
821 3357 1124 3441 tempore
1192 3354 1665 3421 Antiochenos
1732 3353 1930 3420 Patr.
1985 3375 2054 3420 se
2102 3353 2487 3434 vocabant,
2560 3351 2741 3439 quod

288 3484 433 3528 non
458 3460 759 3542 fecisset,
796 3460 856 3527 si
880 3460 1293 3528 Antiochiae
1325 3462 1523 3528 Patr.
1575 3464 1854 3526 tantum
1887 3459 2131 3526 Latini
2163 3459 2482 3525 fuissent.
2537 3457 2738 3539 Nam,

287 3566 457 3633 dum
501 3566 745 3633 Latini
814 3567 1315 3634 Antiochenam
1391 3566 1628 3634 Sedem
1688 3570 2040 3649 tenebant,
2101 3568 2297 3635 Rom.
2350 3568 2552 3635 Pont.
2613 3567 2744 3633 Pa-

290 3672 628 3739 triarchis
673 3672 1042 3739 Maronitis
1078 3674 1481 3757 scribentes,
1533 3697 1644 3741 eos
1676 3674 2014 3757 absolute,
2050 3674 2466 3742 Antiochiae
2498 3673 2729 3739 Patri-

288 3780 540 3847 archas
582 3779 965 3867 appellant,
1018 3784 1101 3845 ut
1145 3785 1434 3867 apparet
1481 3802 1561 3846 ex
1607 3781 1904 3869 epistola
1947 3780 2215 3848 Calixti
2258 3781 2336 3850 ΙΙ
2391 3778 2479 3846 ad
2540 3779 2736 3845 Patr.

286 3888 655 3975 Iosephum
701 3885 1129 3974 Algiorgigi,
1180 3892 1362 3955 teste
1408 3887 1738 3976 Episcopo
1802 3888 2124 3955 Gabriele
2178 3884 2737 3956 Bar-Alchelahi

284 3995 368 4062 in
426 3991 702 4060 libro-2
749 3993 836 4060 de
885 3991 1345 4082 Professione
1391 4001 1460 4061 ct
1483 3993 1654 4085 fide
1733 3992 2300 4061 Maronitarum.
2361 3990 2541 4058 Hinc
2602 3989 2742 4057 La-

284 4097 431 4165 tini
506 4097 1315 4186 Constantinopolitanae
1391 4098 1582 4167 Sedis
1629 4099 2083 4167 Patriarchae
2146 4101 2436 4165 fuerunt
2466 4147 2483 4180 ,
2531 4119 2736 4188 quam

281 4210 521 4271 tamen
567 4203 984 4272 Graecorum
1028 4205 1481 4273 Patriarchae
1526 4206 1737 4273 etiam
1769 4206 2193 4286 retinebant,
2224 4211 2308 4272 ut
2339 4228 2424 4272 ex
2454 4204 2739 4272 illorum

281 4312 606 4398 catalogo
672 4315 984 4399 apparet,
1036 4316 1109 4377 et
1165 4316 1437 4396 tamen,
1488 4313 1671 4379 sicut
1715 4335 1909 4380 nemo
1955 4312 2209 4380 asserit
2256 4312 2454 4380 Patr.
2522 4313 2737 4379 Grae·

285 4439 524 4486 corum
578 4440 713 4483 non
756 4439 900 4483 esse
954 4416 1766 4506 Constantinopolitanos
1825 4419 2312 4505 Patriarchas;
2374 4420 2481 4487 ita
2541 4420 2739 4486 Patr.

290 4524 544 4594 Latini
588 4524 1028 4606 Antiochiae,
1083 4548 1219 4592 non
1291 4547 1415 4613 pro
1463 4524 1833 4593 Maronitis
1894 4526 2009 4593 vel
2079 4525 2399 4608 GraeciS,
2450 4525 2569 4593 sed
2626 4547 2749 4614 pro
2811 4609 2814 4614 .

301 4633 591 4702 Latinis
634 4637 913 4699 tantum
959 4636 1125 4699 sunt
1172 4633 1567 4700 constituti.
2053 4635 2056 4638 ’
