3525 5454
1204 1087 1865 1179 PRAEFATIO

467 1876 692 1951 Anno
746 1901 792 1951 a
848 1875 1278 1954 Navititate
1336 1879 1429 1953 D.
1469 1878 1564 1954 N.
1602 1879 1770 1958 Iesu
1830 1881 2122 1959 Christi
2188 1881 2419 1971 1881,
2469 1881 2549 1958 in
2607 1879 2768 1958 Va-

307 2000 567 2075 ticana
607 2000 1111 2093 Bibliotheca,
1149 2002 1442 2104 Iosephi
1503 2002 1824 2081 Simonii
1881 2006 2311 2097 Assemani‚
2349 2011 2428 2081 et
2475 2004 2768 2082 Simeo-

307 2124 433 2199 nis
486 2122 761 2200 Evodii
820 2125 1299 2217 Hersonitae‚
1364 2127 1734 2204 ineditum
1793 2154 1978 2231 opus
2033 2130 2128 2205 ad
2185 2153 2453 2205 manus
2511 2129 2756 2219 venit,

307 2246 506 2347 quod
544 2253 866 2347 quatuor
904 2247 1485 2327 patriarchatus
1525 2252 1865 2353 respicit.
1911 2248 2036 2329 Ex
2074 2251 2206 2327 illo
2262 2252 2623 2353 quidquid
2666 2253 2761 2328 ad

310 2370 879 2448 Antiochenum
938 2371 1560 2451 patriarchatum
1636 2380 1933 2476 spectat
1968 2432 1987 2466 ‚
2049 2401 2199 2475 qua
2257 2375 2523 2476 potui,
2586 2375 2764 2449 dili-

311 2494 577 2594 gentia
658 2496 1135 2598 transcripsi.
1199 2497 1417 2575 Nunc
1481 2505 1737 2575 autem
1777 2555 1796 2589 ‚
1858 2502 2162 2574 attenta
2219 2498 2455 2599 ipsius
2511 2498 2759 2598 operis

309 2620 662 2696 novitate
697 2677 716 2711 ‚
779 2627 858 2697 et
913 2623 1006 2697 ad
1064 2622 1504 2699 historicam
1564 2624 1976 2699 veritatem
2043 2622 2446 2709 tutandam
2485 2677 2504 2713 ‚
2565 2620 2758 2698 illud

308 2745 705 2847 evulgare,
767 2747 1141 2849 optimum
1197 2746 1425 2838 duxi,
1487 2749 1850 2824 adiuncta
1932 2748 2280 2823 versione
2372 2746 2622 2823 latina
2682 2752 2760 2823 et

310 2868 939 2947 patriarcharum
996 2873 1190 2948 serie
1247 2897 1480 2973 usque
1534 2872 1631 2948 ad
1695 2878 2035 2948 nostram
2101 2875 2463 2947 aetatem.
2526 2869 2766 2947 Prae-

310 2993 517 3069 cedit
570 2997 803 3072 etiam
862 2996 1209 3098 synopsis
1264 2997 1473 3070 vitae
1530 2994 1826 3097 Iosephi
1913 2993 2233 3071 Siinonii
2295 2995 2699 3070 Assemani
2734 3050 2755 3083 ‚

310 3120 623 3220 eiusque
679 3145 1019 3222 operum,
1063 3145 1254 3220 quae
1312 3121 1519 3222 typis
1576 3120 2049 3221 prodierunt,
2112 3125 2325 3210 nota,
2371 3123 2458 3194 ut
2515 3118 2761 3218 magis

310 3243 813 3320 Doctissimus
870 3244 996 3320 hic
1050 3243 1389 3346 Scriptor
1444 3246 1791 3321 omnibus
1866 3245 2350 3334 innotescat,
2413 3251 2492 3320 et
2549 3243 2763 3321 illius

309 3368 905 3472 praeclarissimi
963 3370 1255 3469 ingenii
1321 3394 1550 3471 opera
1605 3375 2171 3468 agnoscantur,
2234 3370 2545 3471 quibus,
2609 3368 2764 3445 Do-

310 3502 611 3568 ctorum
640 3492 977 3568 omnium
1010 3493 1357 3594 plausum
1398 3500 1476 3568 et
1513 3493 2100 3568 admirationem
2129 3499 2247 3567 est
2276 3497 2753 3593 assequutus

473 3616 826 3715 Ignoscat
879 3617 1177 3708 Lector,
1222 3624 1301 3693 et
1359 3641 1538 3718 prae
1592 3616 1860 3705 oculis,
1922 3617 2453 3694 difficultatem
2512 3619 2761 3719 operis

306 3743 626 3832 habens,
688 3743 750 3816 si
812 3742 890 3817 in
947 3741 1326 3843 aliquibus
1382 3767 1502 3817 me
1558 3766 1850 3817 errasse
1888 3742 2501 3843 deprehenderit,
2547 3743 2764 3820 beni-

314 3891 468 3968 gne
526 3866 950 3966 indulgeat.

1127 4098 1361 4176 Pater
1417 4097 1758 4175 IoANNEs
1813 4098 2124 4175 No'rAIN
2181 4098 2554 4176 DARAUNJ
