3525 5454
1871 455 1943 466 -.
1977 428 2048 480 32
2085 456 2153 466 -

796 525 1269 615 disperdentes
1324 549 1584 594 omnem
1631 527 2092 595 substantiam
2135 549 2390 597 eorum.
2444 527 2636 595 Istae
2680 525 3241 614 depraedationes

793 633 1269 721 perdurarunt
1296 655 1513 722 usque
1558 632 1717 699 dum
1761 633 1984 700 Duces
2020 633 2357 723 Tripolim
2386 631 2687 720 ingressi
2731 636 2919 698 sunt.
2972 630 3242 697 Montes

790 739 1055 806 ascensi
1086 761 1236 806 cum
1275 739 1610 821 exercitu,
1639 739 1898 807 incolas
1916 739 2233 807 Alcurah
2257 746 2526 808 terrore
2557 740 2962 821 affecerunt,
2990 744 3065 805 et
3085 739 3241 806 sub-

785 844 1023 928 iectoS‚
1065 846 1141 915 vi
1166 851 1243 914 et
1285 846 1490 913 minis
1535 846 2153 914 Monothelitarum
2200 846 2580 914 doctrinam
2623 844 2969 933 amplecti,
3013 866 3242 930 coege-

787 958 979 1021 runt.
1017 952 1279 1020 Deinde
1302 951 1493 1020 Alha
1537 952 1782 1021 Alhafi
1831 952 2291 1035 transierunt,
2343 975 2517 1041 quae
2569 954 2760 1039 regio
2785 955 2897 1018 est
2917 951 3109 1017 inter
3144 950 3242 1016 A·

796 1061 989 1128 miun
1013 1066 1087 1128 et
1109 1060 1404 1138 Novum,
1433 1060 1520 1127 ad
1550 1059 1815 1128 radices
1844 1059 2125 1127 montis.
2162 1058 2348 1126 Illuc
2376 1058 2928 1140 advenientibuS,
2962 1056 3244 1145 quidam

794 1175 1026 1237 terrae
1088 1166 1349 1235 nobiles
1395 1166 1713 1254 doctique
1776 1166 2033 1234 divites
2079 1164 2349 1232 obviam
2396 1164 2709 1245 fuerunt,
2776 1183 2944 1250 quos
2985 1183 3242 1228 summo

788 1276 1041 1343 honore
1087 1278 1524 1362 exceperunt.
1585 1272 1725 1340 Isti
1754 1277 1920 1339 ante
1951 1270 2200 1354 omnia,
2254 1293 2509 1359 pacem,
2545 1269 2785 1337 deinde
2830 1269 3242 1357 colloquium

792 1404 943 1449 cum
973 1378 1412 1468 Principibus
1443 1384 1517 1445 et
1545 1378 1850 1446 Ducibus
1903 1376 2125 1445 relate
2171 1376 2260 1444 ad
2290 1376 2742 1444 obedientiam
2774 1380 2850 1442 et
2879 1375 3241 1443 subiectio·

790 1510 967 1570 nem,
998 1487 1469 1575 postularunt.
1499 1484 1935 1553 Admittitur
1959 1483 2234 1572 petitio,
2261 1488 2337 1550 et
2365 1483 2502 1571 ipsi
2526 1482 2980 1551 obedientiam
3002 1483 3146 1549 Deo
3169 1487 3243 1550 et

791 1592 1208 1681 Imperatori
1223 1592 1650 1680 profitentes,
1668 1612 2062 1679 responsum
2095 1590 2452 1657 dederunt.
2483 1588 2854 1656 Exercitus
2877 1587 3244 1655 admontis

789 1700 1042 1766 Libani
1072 1699 1297 1787 pedes,
1332 1709 1564 1765 castra
1593 1701 1945 1785 posuerat,
1980 1718 2193 1786 quare
2224 1695 2515 1784 populus
2545 1695 2911 1782 ignorabat
2942 1694 3111 1783 quid
3141 1714 3241 1760 es-

790 1812 900 1873 set
929 1804 1289 1893 agendum,
1318 1811 1402 1873 ut
1425 1804 1795 1873 mulierum
1821 1808 1893 1870 et
1922 1808 2243 1871 natorum
2273 1802 2493 1870 saluti
2515 1802 2961 1890 prospiceret.
2989 1803 3123 1870 His
3170 1802 3244 1868 in

791 1911 1165 2001 angustiis,
1215 1911 1412 1979 corde
1458 1912 1547 1979 ad
1591 1912 1811 1980 Deum
1857 1911 2211 1994 conversi,
2262 1910 2747 1977 intercessione
2792 1912 2877 1978 B.
2925 1910 3246 1999 Virginis

788 2023 875 2084 ut
896 2040 1008 2085 eos
1031 2018 1316 2106 benigne
1348 2025 1421 2086 et
1450 2018 1715 2107 placide
1745 2020 2108 2106 aspiceret,
2137 2021 2542 2101 exorarunt;
2577 2038 2794 2105 neque
2826 2038 3062 2083 eorum
3093 2039 3244 2106 pre·

791 2145 924 2206 ces,
960 2125 1148 2192 Deus
1192 2125 1481 2214 sprevit.
1516 2125 1694 2192 Nam
1718 2124 1971 2192 Leonis
2011 2123 2344 2212 epistolae
2373 2146 2514 2191 una
2538 2146 2689 2191 cum
2717 2124 3007 2213 Legatis
3037 2127 3237 2192 Patr.

790 2231 1035 2297 Ioanni
1080 2232 1351 2298 Maroni
1396 2237 1470 2298 et
1514 2232 1767 2299 Libani
1797 2230 2106 2319 Principi
2149 2231 2418 2313 missae,
2453 2236 2945 2319 pervenerunt,
2995 2231 3245 2319 quibus

790 2338 1227 2425 significabat
1270 2338 1437 2426 quid
1480 2338 1873 2407 Iustiniano
1919 2338 2264 2405 acciderat
2302 2386 2316 2419 ,
2373 2358 2608 2423 nempe
2653 2358 2809 2403 eum
2867 2339 3241 2425 apprehen·

789 2466 964 2527 sum,
1014 2451 1088 2511 et
1133 2468 1294 2512 naso
1339 2444 1746 2511 mutilatum
1793 2466 1829 2510 e
1876 2448 2078 2511 trono
2125 2444 2339 2511 fuisse
2385 2444 2745 2526 deiectum,
2795 2449 2870 2512 et
2901 2444 3051 2511 eius
3097 2444 3240 2512 loco

789 2552 1084 2619 Leonem
1131 2551 1355 2640 ipsum
1402 2551 1898 2639 Imperatorem
1968 2550 2182 2617 fuisse
2252 2550 2568 2636 electum;
2621 2550 2865 2618 exinde
2933 2555 3243 2638 potestas

788 2658 939 2725 illis
1013 2660 1201 2725 sacta
1268 2658 1355 2725 ad
1429 2658 1806 2726 exercitum
1875 2657 2426 2746 profligandum,
2500 2678 2612 2723 eos
2658 2658 3037 2724 exhortans
3071 2707 3087 2742 ,
3170 2661 3242 2723 et

789 2767 1104 2849 suadem,
1155 2766 1337 2854 ipsos
1381 2767 1602 2834 Duces
1647 2766 1732 2832 ab
1778 2787 1855 2832 eo
1901 2764 2193 2832 rebelles
2238 2786 2371 2830 non
2435 2786 2579 2830 esse
2640 2763 3236 2851 pertimescendos.

786 2872 1141 2940 Laetitiae
1185 2892 1381 2939 voces
1425 2871 1696 2952 statim,
1732 2875 1807 2936 et
1852 2869 2078 2936 laudis
2110 2869 2435 2958 hymnus,
2485 2870 2625 2936 Deo
2657 2869 2732 2936 in
2778 2868 3080 2936 omnium
3127 2889 3242 2935 ore

786 2977 1166 3067 personuit.
1218 2978 1469 3044 Postea
1514 2977 1732 3044 fortes
1778 2974 1893 3042 illi
1938 2974 2372 3057 Libaniotae,
2408 2975 2710 3064 arreptis
2756 2975 2991 3057 armis,
3026 2976 3242 3043 Grae-

794 3109 1026 3154 corum
1094 3086 1467 3154 exercitum
1527 3083 1839 3170 aggressi
1886 3087 2053 3149 sunt
2119 3086 2471 3169 tamquam
2529 3086 2804 3149 torrens
2850 3081 3235 3164 inundans,

790 3194 1152 3259 maximam
1198 3191 1465 3258 caedem
1509 3191 1850 3269 fecerunt,
1886 3210 2118 3255 eorum
2162 3187 2469 3254 Ducibus
2513 3187 2725 3253 etiam
2771 3186 3240 3274 interemptis;

787 3298 1158 3366 incolumes
1204 3302 1479 3363 tantum
1524 3294 1640 3361 illi
1684 3299 2083 3375 evaserunt,
2118 3292 2238 3382 qui
2284 3291 2802 3380 ignominiosam
2847 3291 3087 3378 fugam
3134 3313 3243 3358 ar·

790 3406 1184 3493 ripuerunt‚
1219 3408 1304 3468 ut
1335 3403 1630 3469 habetur
1660 3401 1734 3466 in
1767 3400 1944 3467 libro
1991 3399 2148 3467 fidei
2179 3398 2667 3466 Iacobitarum.
2707 3397 2818 3464 Ex
2861 3397 2987 3463 hoc
3030 3395 3240 3478 bello,

789 3513 863 3579 in
908 3510 1211 3577 Alcurat
1253 3514 1327 3576 et
1372 3504 1981 3586 Giubet-Besciari
2011 3504 2270 3585 habito,
2298 3502 2486 3569 inter
2519 3501 2901 3568 Maronitas
2948 3506 3024 3568 et
3066 3500 3240 3567 Mel·

789 3618 1017 3685 chitas
1063 3616 1313 3683 divisio
1358 3619 1603 3681 exorta
1649 3616 1781 3678 est.
1835 3610 2171 3694 Quoniam
2228 3609 2679 3696 Imperatoris
2727 3606 3022 3673 asseclae
3068 3605 3240 3673 Mel-

789 3725 1017 3791 chitae
1064 3727 1230 3789 sunt
1268 3719 1607 3809 appellati
1651 3717 2111 3818 (Regalistae)
2143 3714 2530 3781 Maronitae
2577 3718 2809 3780 autem
2854 3718 3020 3779 sunt
3066 3712 3243 3780 dicti

787 3833 907 3920 qui
954 3829 1407 3898 Patriarchae
1452 3829 1491 3894 I
1536 3825 1844 3893 Maronis
1891 3828 2125 3912 partes
2171 3825 2522 3888 tenebant.

919 3942 1005 4007 In
1051 3938 1179 4003 hac
1222 3957 1455 4024 pugna
1501 3933 1808 3999 Muricus
1841 3930 2253 3996 interfectus
2298 3928 2464 4009 fuit,
2501 3950 2700 4015 quem
2746 3926 3120 3995 Melchitae
3165 3927 3240 3992 in

794 4067 971 4133 pago
1016 4041 1271 4110 Emiun
1332 4039 1791 4129 sepelierunt,
1843 4034 1960 4102 ubi
2020 4036 2170 4102 eius
2212 4034 2471 4100 nomini
2514 4033 2815 4100 dicatam
2859 4033 3238 4101 Ecclesiam

788 4149 1269 4231 aedificarunt,
1322 4152 1396 4214 et
1440 4144 1684 4234 quovis
1728 4165 1905 4210 anno
1950 4142 2059 4209 die
2104 4143 2190 4208 22
2238 4140 2435 4223 Iulii,
2486 4140 2633 4207 eius
2678 4141 2957 4223 festum,
2991 4140 3239 4206 multis

788 4257 1110 4326 laetitiae
1155 4255 1398 4343 signia,
1452 4252 1826 4321 celebrant.
1877 4246 2274 4316 Merachian
2341 4251 2573 4314 autem
2641 4246 2716 4312 in
2758 4247 2989 4315 eodem
3055 4245 3235 4313 bello

788 4365 1238 4442 vulneratuS,
1275 4383 1316 4426 a
1346 4359 1693 4425 militibus
1723 4356 1798 4422 in
1827 4377 2078 4444 pagum
2110 4353 2414 4421 Scevaiti
2444 4354 2519 4419 in
2548 4352 2902 4442 provincia
2931 4352 3225 4433 Ehecar,

788 4471 910 4537 ubi
956 4463 1281 4558 spiritum
1325 4466 1581 4547 emisit,
1634 4464 1899 4531 allatus
1945 4467 2078 4545 est,
2115 4466 2188 4527 et
2235 4460 2330 4526 ibi
2362 4460 2576 4528 etiam
2620 4460 2695 4526 in
2741 4459 3052 4527 Ecclesia
3097 4458 3233 4548 ipsi

788 4581 1048 4659 erecta,
1099 4576 1247 4642 eius
1292 4575 1551 4642 festum
1596 4573 1839 4662 agunt.
1891 4568 2031 4637 Ast
2074 4569 2365 4636 Ioannes
2412 4567 2629 4650 Maro,
2680 4588 2832 4633 cum
2877 4587 2962 4632 ex
3004 4585 3229 4654 perse-
