3525 5454
277 605 961 719 *versv-rw}
967 604 1783 719 arwam,
1781 607 2563 718 ψ’φψκι

848 1012 1581 1101 SYNOPSIS
1670 1011 2137 1100 VITAE

452 1421 483 1456 a
531 1392 813 1467 IOSEPH
881 1392 1255 1466 SIMONIUS
1312 1392 1777 1467 ASSEMANUS
1828 1393 2517 1467 SYRO-MARONI'I'A.
2587 1396 2709 1484 (1).

270 1527 305 1562 ιι
344 1498 623 1567 VLkal.
660 1499 972 1587 Augusti
999 1500 1192 1566 1687.
1233 1498 1501 1585 Tripoli
1532 1500 1606 1564 in
1637 1498 1847 1588 Syria
1878 1500 2094 1566 nobili
2126 1524 2369 1588 genere
2402 1507 2636 1585 natus,
2673 1527 2716 1569 a

268 1633 302 1668 ιι
340 1605 600 1672 teneris
635 1607 836 1672 annis
859 1605 969 1693 pie
1012 1610 1087 1672 et
1132 1604 1522 1672 liberaliter
1555 1607 1884 1672 educatus
1916 1629 1958 1674 a
1990 1611 2241 1695 patruo
2273 1630 2394 1675 suo
2424 1609 2714 1698 Iosepho

266 1737 301 1772 ιι
330 1711 704 1778 Assemano
721 1712 1153 1800 Tripolitano
1166 1712 1654 1799 Archiep.viro
1679 1713 1967 1800 pietate,
1984 1718 2058 1780 et
2074 1713 2388 1781 doctrina
2403 1716 2714 1784 omnibus

270 1846 303 1881 ιι
341 1820 860 1907 spectatissimo.
899 1820 1221 1887 Octennis
1252 1812 1534 1886 Romam
1574 1820 1662 1887 ad
1694 1819 2060 1907 collegium
2091 1821 2322 1908 gentis
2354 1844 2516 1889 suae
2547 1821 2705 1889 mis-

273 1952 307 1987 ιι
344 1947 486 2005 sus,
515 1925 587 1990 in
633 1926 950 1992 humanis
995 1925 1383 2013 divinisque
1408 1925 1662 1992 studiis
1700 1929 1844 1992 tam
1883 1927 2052 1992 mire
2085 1927 2439 2008 excelluit,
2461 1932 2545 1993 ut
2576 1928 2714 1993 iam

272 2056 305 2091 ιι
343 2035 493 2095 tum
539 2031 949 2119 reipublicae
995 2030 1392 2097 litterariae
1439 2030 1509 2097 id
1541 2031 1622 2096 de
1652 2053 1723 2098 se
1757 2031 2227 2118 polliceretur,
2264 2033 2442 2121 quod
2474 2033 2710 2100 exitus

274 2165 306 2199 ιι
343 2138 830 2225 comprobavit.
880 2138 1169 2205 Emenso
1214 2137 1602 2204 studiorum
1648 2137 2017 2219 curriculo,
2062 2161 2268 2226 quum
2301 2138 2602 2205 reditum
2634 2139 2710 2205 in

274 2271 307 2305 ιι
343 2243 642 2330 patriam
688 2244 1074 2325 moliretur,
1126 2244 1376 2309 Romae
1439 2243 1787 2325 detentus,
1838 2266 1880 2308 a
1926 2242 2274 2311 Clemente
2302 2244 2434 2309 XI.
2485 2245 2563 2310 P.
2604 2245 2699 2310 M.

275 2376 307 2409 ιι
346 2347 642 2414 codicum
689 2349 1305 2436 manuscriptorum
1352 2349 1820 2429 orientalium,
1855 2372 2022 2437 quos
2052 2351 2488 2416 consobrinus
2525 2351 2713 2418 Elias

276 2482 309 2516 ιι
345 2453 763 2520 Assemanus
786 2454 1255 2521 Antiochenae
1287 2454 1603 2522 ecclesiae
1633 2455 2198 2542 archipresbyter
2221 2455 2308 2520 ad
2326 2454 2709 2522 Bibliothe-

276 2590 309 2624 ιι
348 2583 493 2627 cam
522 2561 928 2629 Vaticanam
968 2584 1103 2627 non
1127 2562 1232 2627 ita
1262 2560 1521 2648 pridem
1560 2560 2077 2642 transmiserat,
2121 2560 2487 2627 intexendo
2522 2565 2707 2627 cata-

274 2694 307 2729 ιι
343 2665 524 2755 logo,
558 2667 987 2756 Latinaeque
1033 2666 1325 2756 Synopsi
1357 2690 1536 2734 unus
1583 2668 1984 2755 praeficitur
2016 2689 2093 2734 ac
2126 2667 2559 2755 designatur.
2594 2668 2709 2735 Ad

276 2800 310 2835 ιι
350 2778 518 2840 vota
542 2774 895 2841 Pontificis
919 2775 1243 2841 mandata
1259 2774 1563 2856 facessit,
1585 2779 1657 2840 et
1675 2775 1947 2863 quidem
1968 2774 2256 2855 abunde,
2278 2774 2423 2841 late
2439 2774 2700 2841 additis

270 2905 305 2943 α
339 2879 717 2966 splendidis
745 2902 956 2967 aeque
985 2902 1064 2947 ac
1085 2880 1645 2968 locupletissimis
1667 2880 2254 2963 adnotationibus,
2278 2880 2528 2967 dignus
2553 2903 2714 2968 pro-

270 3012 304 3047 ιι
339 2989 602 3072 pterea,
651 2987 771 3074 qui
815 2986 1149 3069 arabicae,
1201 2991 1274 3052 et
1319 2987 1730 3069 chaldaicae,
1783 3005 1903 3054 seu
1950 2988 2273 3077 Syriacae
2316 2988 2598 3076 linguae
2631 2989 2705 3055 in

269 3120 303 3155 ιι
341 3092 679 3160 Vaticana
706 3094 1138 3162 Bibliotheca
1173 3094 1288 3160 VI.
1329 3093 1483 3160 idus
1525 3093 1772 3160 Martii
1825 3117 1935 3160 an.
1994 3095 2190 3161 1710.
2250 3095 2704 3161 constituere-

271 3227 303 3262 ιι
341 3203 465 3267 tur
507 3201 872 3289 interpres.
940 3199 1191 3267 Eodem
1236 3222 1412 3267 anno
1443 3199 1556 3267 IV.
1612 3222 1825 3266 nonas
1884 3199 2058 3266 Iulii
2117 3199 2586 3287 philosophiae
2633 3220 2712 3264 ac

270 3334 303 3368 ιι
340 3304 750 3393 Theologiae
782 3306 1023 3373 laurea
1055 3307 1371 3388 donatus,
1401 3306 1684 3373 subinde
1715 3304 2288 3393 congregationis
2320 3326 2526 3393 super
2558 3327 2709 3372 cor-

272 3439 306 3474 ιι
343 3411 641 3478 rectione
686 3410 1020 3478 librorum
1064 3410 1423 3478 Sacrorum
1470 3410 1931 3479 Orientalium
1977 3412 2059 3477 ab
2104 3410 2333 3477 eodem
2370 3409 2709 3476 Pontifice

271 3546 303 3580 ιι
339 3517 712 3584 institutae
743 3517 1112 3586 Consultor
1160 3517 1626 3584 renunciatur.
1676 3517 2156 3604 Quinquennio
2203 3521 2358 3603 post
2388 3515 2708 3603 colligen-

275 3651 305 3686 ιι
342 3623 911 3694 ᾶοτωηῸοᾱίοιιω
935 3647 1139 3692 causa
1163 3624 1235 3691 in
1251 3624 1600 3692 Orientem
1624 3623 1872 3692 missus
1885 3625 2010 3711 (2),
2032 3623 2270 3690 Iacobo
2293 3623 2504 3689 Petro
2529 3623 2707 3690 Evo-

404 3822 480 3899 (1)
519 3825 567 3878 1.
609 3828 835 3878 Docum.
878 3853 944 3862 -
972 3826 1085 3877 Hoc
1123 3839 1267 3876 anno
1301 3827 1389 3875 est
1426 3824 1609 3888 imago
1645 3824 1755 3875 mii
1797 3823 2018 3887 Iosephi
2055 3822 2371 3887 Assemani,
2413 3837 2481 3872 ex
2518 3821 2702 3885 prima

263 3919 388 3972 eius
413 3918 730 3982 Archetypa
760 3930 899 3981 quae
925 3918 1250 3967 asservatur
1275 3915 1338 3965 in
1362 3915 1612 3977 collegio
1656 3913 2224 3978 Syro-Maronitarum
2269 3910 2334 3962 de
2378 3910 2525 3962 Urbe
2563 3924 2697 3961 cura

258 4008 326 4061 Ρ.
370 4006 595 4059 Ioannis
630 4005 841 4058 Notain
876 4003 1106 4054 Alnmni
1142 3999 1384 4053 eiusdem
1448 4002 1708 4064 collegii.
1750 4001 1934 4052 Huius
1973 3999 2242 4062 imaginis
2296 3999 2599 4063 exemplar,
2644 3998 2707 4048 in

264 4097 452 4150 fronte
490 4095 659 4146 huius
696 4092 833 4144 libri
870 4094 1111 4157 prostat.

404 4180 478 4254 (2)
518 4181 699 4236 Causa
735 4182 903 4233 huius
942 4180 1316 4245 expeditionis
1354 4180 1415 4230 in
1450 4178 1751 4242 Orientem,
1794 4192 1827 4229 a
1864 4177 2142 4231 Clemente
2182 4178 2333 4240 Papa
2380 4176 2495 4240 XI,
2536 4174 2704 4226 Asse-

257 4287 458 4326 manus
493 4272 692 4323 habuit
731 4272 903 4323 Breve
941 4268 1307 4332 exemptionis
1346 4283 1378 4318 a
1415 4268 1595 4332 choro,
1637 4266 1879 4318 retentis
1916 4266 2249 4331 honorariis,
2283 4263 2424 4330 quod
2477 4263 2703 4328 incipit.

1111 4391 1451 4445 CLEMENS
1508 4388 1700 4441 PAPA
1749 4390 1854 4440 XI.

412 4520 625 4572 Dilecte
662 4517 780 4571 Fili
788 4555 943 4571 .......
985 4531 1106 4568 cum
1142 4521 1205 4569 tu
1245 4517 1403 4568 iussu
1441 4515 1711 4566 nostruin
1735 4514 2016 4568 Orientem
2044 4515 2322 4578 profectus
2379 4513 2586 4565 fuisses
2593 4548 2702 4563 .....

266 4613 478 4666 Datum
516 4611 717 4662 Romae
755 4607 898 4673 apud
926 4608 1185 4661 Sanctam
1223 4606 1456 4660 Mariam
1486 4604 1748 4658 Maiorem
1779 4602 1868 4655 die
1895 4602 2092 4658 XVIII
2120 4603 2340 4674 Aprilis
2362 4616 2506 4654 anno
2542 4600 2703 4654 1716.

2487 4689 2526 4756 1
