3525 5454
1839 460 1904 470 ...
1945 430 2014 482 33
2055 457 2121 468 ..-

762 528 1101 616 scipulum
1144 536 1581 614 accusarunt,
1632 531 2097 600 Divinitatem
2145 530 2219 595 in
2264 528 2571 610 Christo,
2619 528 2840 616 ipsam
2906 527 3234 593 animam

758 636 1166 704 rationalem
1210 660 1377 720 esse,
1429 640 1845 728 profitentis.
1897 640 2123 727 Papae
2167 636 2560 705 Alexandri
2626 637 2935 725 imperio,
2989 637 3212 725 depo·

758 742 973 810 situm
1017 744 1253 826 fuisse,
1304 744 1584 812 dicitur.
1637 745 1768 812 Sed
1813 745 1939 812 hoc
1982 743 2236 811 falsum
2281 765 2451 825 esse,
2487 748 2726 831 aperte
2760 742 3227 831 cognoscitur

760 849 1169 937 praesertim
1214 852 1637 918 auctoritate
1684 857 1755 917 et
1802 850 2193 918 testimonio
2238 849 2638 918 Addovaihi
2695 850 2893 916 Patr.
2944 848 3226 916 Antio-

763 954 984 1037 cheni,
1035 956 1153 1044 qui
1199 957 1395 1023 Patr.
1447 956 1731 1038 Lucam,
1782 958 1910 1024 hac
1955 956 2298 1023 calumnia
2344 954 2697 1022 liberavit.
2773 954 2978 1020 Anno
3030 955 3230 1022 1297

765 1061 839 1127 in
885 1084 1047 1150 pace
1091 1063 1385 1150 quievit,
1435 1066 1509 1129 et
1554 1063 1702 1129 eius
1748 1065 1968 1130 locum
2014 1064 2323 1130 obtinuit

894 1167 1143 1235 XCVI.
1195 1169 1395 1235 Patr.
1446 1168 1715 1260 Simeon,
1764 1169 1885 1257 qui
1931 1169 2113 1236 sedit
2157 1192 2267 1235 an.
2319 1170 2407 1237 25
2454 1156 2850 1245 succedente

893 1273 1181 1343 XCVII.
1233 1274 1431 1340 Patr.
1484 1276 1730 1349 Ioanne
1782 1298 1894 1341 an.
1952 1275 2146 1343 1322.
2197 1275 2340 1364 qui,
2392 1275 2478 1341 35
2524 1273 2640 1342 vel
2686 1275 2774 1341 38
2817 1296 2931 1341 an.
2998 1273 3214 1341 sedit.

763 1380 1026 1446 Deinde
1073 1380 1333 1446 electus
1378 1381 1521 1447 fuit

898 1487 1226 1556 XCVIII.
1280 1478 1480 1555 Patr.
1529 1490 1594 1563 S.
1644 1489 1922 1564 Gabriel.
1976 1489 2259 1578 Mai-tyr
2306 1510 2395 1554 an
2452 1488 2646 1555 1357.
2695 1487 2804 1554 Ex
2851 1510 3027 1575 pago
3069 1487 3218 1553 He-

765 1595 994 1681 gulae,
1045 1596 1119 1661 in
1164 1595 1530 1663 Provincia
1566 1597 1804 1663 Bialos
1849 1602 2028 1677 erat,
2069 1597 2153 1663 10
2183 1619 2294 1662 an.
2331 1596 2534 1663 sedit.
2586 1595 2816 1661 Extra
2864 1592 3218 1682 Tripolim

765 1722 942 1766 anno
992 1701 1188 1784 1367,
1240 1702 1313 1767 in
1358 1724 1489 1789 quo
1536 1704 1833 1769 maxima
1877 1708 2118 1770 contra
2165 1702 2554 1789 Episcopos,
2604 1700 2989 1788 persecutio
3031 1699 3212 1780 fuit,

768 1806 926 1893 igne
974 1813 1315 1874 crematus
1362 1810 1643 1895 Martyr
1679 1811 2021 1876 occubuit.
2073 1809 2255 1875 Huic
2300 1807 2625 1874 successit

909 1912 1164 1981 XCIX.
1215 1915 1410 1981 Patr.
1462 1915 1690 1997 David,
1764 1916 2054 1982 Ioannes
2129 1916 2404 1997 dictuS,
2455 1914 2528 1980 in
2573 1913 2986 1980 monasterio
3050 1912 3218 1978 Mar

767 2014 1369 2102 Serchis-Alcarn,
1423 2021 1495 2086 in
1541 2020 1814 2087 Hardin
1883 2022 2271 2108 provinciae
2318 2019 2544 2104 Botri,
2596 2018 2995 2108 permansit.
3073 2018 3223 2084 Hic

774 2125 859 2191 37
904 2148 1017 2193 an.
1068 2128 1270 2209 sedit,
1321 2132 1395 2194 et
1439 2126 1697 2215 plures,
1745 2149 1925 2210 eum,
1977 2132 2062 2192 ut
2108 2126 2567 2194 Iacobitarum
2635 2125 2941 2193 haeresis
2985 2130 3219 2191 secta-

769 2238 986 2299 torem
1033 2234 1450 2316 habuerunt,
1501 2240 1574 2301 et
1619 2234 1746 2300 hac
1778 2234 1859 2300 de
1890 2257 2119 2317 causa,
2171 2234 2486 2323 Synodus
2533 2231 2793 2314 ordine,
2818 2232 3219 2319 depositum

773 2339 987 2408 fuisse
1032 2340 1401 2425 dixerunt;
1453 2347 1564 2407 ast
1611 2342 1735 2408 hoc
1781 2365 1824 2408 a
1867 2343 2173 2410 veritate
2216 2342 2518 2409 alienum
2564 2345 2711 2424 est,
2761 2345 2846 2406 ut
2890 2339 3210 2407 ostendit

776 2446 970 2513 Patr.
1025 2445 1416 2534 Stephanus
1467 2447 1864 2514 Addovaihi
1918 2449 1993 2515 in
2019 2448 2196 2515 libro
2230 2446 2639 2515 defensionis
2665 2445 3207 2512 Maronitarum.

779 2553 983 2619 Anno
1010 2554 1184 2619 1404
1211 2553 1470 2620 electus
1516 2554 1661 2620 suit

898 2659 972 2727 C.
1040 2660 1241 2726 Patr.
1294 2662 1569 2735 Ioannes
1620 2659 1886 2756 Algiagi
1946 2682 2032 2726 ex
2086 2660 2436 2749 provincia
2486 2658 2700 2725 Bibli.
2760 2657 2893 2724 Hic
2915 2656 3222 2746 priusin

772 2768 1190 2835 Monasterio
1222 2767 1850 2835 Saideth-Maifuk.
1879 2773 2329 2834 commoratus
2353 2771 2483 2846 est,
2511 2766 2750 2833 deinde
2777 2766 2850 2832 in
2867 2769 3212 2831 monaste-

768 2875 872 2942 rio
918 2877 999 2941 B.
1051 2875 1368 2962 Virginis
1414 2875 1798 2957 Cannubin,
1850 2875 1968 2940 ubi
2003 2897 2213 2962 usque
2275 2874 2496 2940 adhuc
2540 2872 2994 2939 Patriarchae
3032 2870 3213 2937 resi-

770 2981 1008 3047 dentia
1054 2986 1306 3066 manet;
1359 3005 1442 3048 ex
1489 2983 1617 3048 hac
1661 2982 1944 3048 mortali
1991 2982 2144 3048 vita
2190 2981 2278 3047 ad
2321 2979 2680 3046 Dominum
2713 2977 3052 3065 migravit
3082 2998 3209 3042 an-

768 3110 854 3154 no
903 3089 1100 3169 1445,
1152 3093 1511 3176 postquam
1554 3090 1640 3156 41
1689 3111 1800 3154 an.
1856 3088 2168 3155 sedisset.
2223 3086 2395 3154 Eius
2441 3085 2660 3151 locum
2692 3083 2999 3151 obtinuit

899 3193 1013 3261 CI.
1068 3195 1263 3261 Patr.
1312 3197 1581 3270 Iacobus
1603 3193 1909 3269 Ebu-Hid
1931 3193 2398 3276 Hadethensis,
2448 3193 2568 3281 qui
2614 3192 2795 3259 sedit
2843 3193 2928 3259 13
2972 3214 3086 3273 an,
3139 3195 3224 3258 et

770 3322 945 3366 anno
995 3302 1168 3368 1458
1213 3301 1411 3383 obiit,
1462 3306 1535 3367 et
1580 3300 1994 3367 Patriarcha
2039 3300 2499 3367 constituitur

901 3404 1055 3473 CII.
1116 3407 1311 3473 Patr.
1363 3408 1597 3481 Petrus
1643 3407 2031 3498 Bar-Ioseph
2062 3405 2286 3474 dictus
2315 3405 2524 3472 etiam
2570 3395 3016 3471 Bar-Hassan
3061 3402 3209 3467 Ha-

768 3511 1142 3594 dethensis,
1192 3514 1313 3601 qui
1359 3512 1598 3581 Sedem
1643 3513 1875 3580 tenuit
1902 3514 2013 3579 44.
2067 3535 2209 3593 an.,
2259 3516 2333 3578 et
2377 3532 2553 3576 anno
2604 3509 2774 3576 1502
2838 3508 3210 3575 defunctus

767 3623 898 3700 est,
948 3622 1021 3684 et
1067 3619 1617 3686 Patriarchalem
1664 3618 1900 3685 Sedem
1948 3618 2256 3684 obtinuit
2301 3615 2447 3682 eius
2493 3614 2719 3703 Nepos

900 3725 1093 3793 CIII.
1149 3727 1344 3793 Patr.
1396 3725 1650 3800 Simeon
1695 3721 2057 3798 Bar-David
2101 3721 2564 3789 Hadethensis
2595 3719 2704 3787 die
2739 3722 2821 3787 12
2859 3718 3200 3786 Octobris.

767 3831 907 3897 Leo
952 3832 1041 3898 X.
1092 3832 1441 3913 Pontifex,
1515 3832 1723 3898 huius
1791 3830 2242 3898 Patriarchae
2290 3850 2517 3909 curae,
2591 3851 2841 3909 omnes,
2891 3826 3205 3894 Orientis

769 3936 1277 4003 christifideles
1322 3938 1681 4019 commisit,
1707 3942 1780 4003 et
1802 3937 1950 4005 eius
1996 3942 2298 4023 tempore
2344 3935 2556 4001 etiam
2602 3936 2792 4002 vixit
2827 3934 3213 4023 Episcopus

769 4041 1052 4107 Gabriel
1098 4042 1457 4109 Barclaius
1504 4044 1853 4109 Maronita
1898 4044 2094 4110 Patr.
2146 4041 2418 4109 Simeon
2464 4042 2647 4109 sedit
2683 4043 2768 4109 22
2800 4064 2912 4107 an.
2951 4047 3022 4108 et
3051 4063 3209 4107 cum

766 4144 905 4211 iam
949 4151 1220 4212 centum
1268 4147 1526 4234 viginti
1571 4149 1828 4215 aetatis
1858 4170 2072 4216 annos
2122 4153 2542 4235 superasset,
2577 4170 2755 4215 anno
2791 4150 2963 4217 1524
2992 4147 3196 4228 obiit,

770 4257 844 4318 et
874 4275 1026 4320 eum
1072 4253 1362 4340 excepit.

906 4361 1087 4429 CIV.
1140 4362 1339 4430 Patr.
1393 4361 1650 4452 Moyses
1694 4362 2085 4437 Bar-Sihado
2129 4362 2524 4437 Acestensis
2555 4365 2675 4451 qui
2725 4364 2905 4431 sedit
2930 4387 3044 4432 an.
3088 4368 3209 4448 45,

771 4473 844 4533 et
889 4489 1065 4535 anno
1114 4468 1309 4549 1567,
1360 4473 1488 4533 aut
1537 4469 1707 4535 1565
1737 4476 1812 4536 et
1844 4470 1930 4536 60
1958 4470 2219 4551 diebus,
2245 4475 2375 4535 aut
2403 4491 2582 4537 anno
2631 4470 2804 4538 1569
2849 4471 3053 4538 iuxta
3084 4493 3213 4539 va·

771 4577 911 4643 rios
956 4580 1294 4656 auctoreS,
1352 4573 1717 4641 defunctus
1762 4581 1894 4658 est,
1944 4575 2054 4643 cui
2099 4574 2443 4641 successit.
