3525 5454
1852 501 1921 511 -.
1959 476 2027 527 25
2067 499 2129 512 ..-

850 571 1219 639 Considera
1241 573 1449 639 etiam
1474 574 1653 661 quod
1676 575 1845 642 licet
1866 576 2275 643 concedatur
2308 572 2813 642 Maronitarum
2839 572 3039 639 Patr.
3064 592 3205 637 non

758 678 972 745 fuisse
988 679 1493 747 Antiochenam
1509 681 1705 748 Patr.
1723 730 1737 762 ,
1760 690 1990 749 tamen
2016 681 2559 748 iurisdictionem
2583 679 2656 743 in
2675 678 2986 744 omnibus
3003 677 3205 743 habe-

761 786 884 851 bat
921 790 1004 852 ut
1041 793 1311 854 veteres
1347 788 1825 871 Patriarchae,
1864 788 2067 855 iuxta
2120 786 2443 874 Gregorii
2504 785 2692 852 XIII
2739 784 3204 852 Constitutio-

758 916 909 961 nem
963 895 1147 960 sicut
1193 894 1403 960 etiam
1452 899 1699 962 narrat
1766 894 2152 981 Pignatelli
2220 916 2406 960 num.
2461 894 2572 974 73,
2635 890 3201 979 quadragesimae

758 1001 1017 1089 primae
1064 1002 1425 1090 petitionis
1469 1002 1653 1068 sexti
1685 1002 1877 1084 libri,
1914 1002 2167 1084 dicens,
2224 1002 2420 1068 Rom.
2482 1000 2907 1078 Pontificem,
2967 999 3205 1065 Patri-

756 1109 1004 1176 archae
1052 1108 1557 1175 Maronitarum
1608 1107 2014 1195 quibusdam
2067 1108 2541 1195 petitionibuS,
2591 1106 2678 1172 ad
2708 1105 3208 1172 auctoritatem

760 1214 1254 1302 spectantibuS,
1305 1216 1428 1280 hoc
1476 1236 1869 1302 responsum
1916 1214 2204 1281 dedisse.
2249 1243 2281 1276 a
2342 1212 2852 1308 concedantur·
2887 1211 3208 1278 Patriar-

759 1322 924 1388 chae
970 1320 1099 1387 illa
1144 1320 1324 1400 iura,
1375 1343 1547 1408 quae
1596 1321 1949 1387 veteribus
1993 1320 2429 1387 Patriarchis
2495 1320 2976 1407 pertinebant,
3050 1342 3207 1386 oon—

760 1432 961 1494 tenta
1006 1427 1080 1493 in
1126 1432 1266 1493 art.
1322 1428 1421 1494 De
1469 1426 1738 1492 iuribus
1785 1427 2162 1507 veteribus,
2199 1449 2347 1493 cum
2381 1426 2731 1492 doctorum
2778 1424 3203 1513 interpreta-

761 1532 1134 1598 tionibus.»
1163 1532 1303 1599 Ast
1328 1533 1401 1598 in
1435 1553 1646 1619 supra
1678 1532 1862 1598 dicto
1892 1532 2193 1598 articulo
2224 1532 2510 1612 dicitur,
2546 1532 2742 1597 Patr.
2781 1530 3209 1597 Antiochiae

763 1662 906 1707 esse
953 1644 1108 1728 post
1155 1638 1731 1720 Alexandrinum,
1783 1647 1856 1705 et
1901 1640 2081 1704 hunc
2126 1644 2283 1725 post
2327 1638 2526 1706 Patr.
2572 1634 3217 1723 Constantinopoli-

761 1752 1028 1828 tanum,
1079 1751 1152 1811 et
1196 1745 1379 1811 hunc
1424 1749 1580 1832 post
1625 1744 1821 1811 Rom.
1874 1744 2297 1811 Pontificem.

891 1851 1005 1918 Ad
1050 1851 1246 1917 Patr.
1300 1851 1719 1917 Antiochiae
1767 1852 2010 1919 seriem
2058 1851 2432 1918 redeamus,
2491 1850 2902 1936 Theophane
2966 1847 3215 1914 defun-

764 1963 898 2038 ct0‚
936 1956 1374 2043 Apostolicae
1429 1956 1902 2024 Antiochenae
1927 1956 2122 2023 Sedis
2156 1956 2696 2023 iurisdictionem
2738 1954 3011 2035 habuit,
3075 1953 3215 2020 ole-

763 2063 826 2130 ri
886 2085 1236 2144 consensu,
1287 2070 1591 2149 tempore
1667 2063 1890 2151 Papae
1951 2063 2265 2145 CononiS,
2339 2085 2514 2128 anno
2583 2063 2738 2128 685.
2789 2059 2857 2127 S.
2915 2061 3217 2128 Ioannes

768 2169 1203 2252 Sirimensis‚
1255 2177 1491 2257 postea
1537 2171 1729 2237 Maro
1779 2172 2030 2251 dictus,
2101 2170 2291 2236 filius
2351 2169 2777 2256 AgathoniS,
2831 2167 2964 2234 filii
3026 2190 3215 2233 soro-

767 2277 868 2343 ris
914 2275 1148 2343 Caroli
1218 2276 1454 2363 Magni
1500 2277 1673 2364 Imp.
1727 2277 1861 2343 Hic
1920 2299 2004 2343 ex
2065 2276 2302 2344 Gallia
2362 2277 2449 2343 ad
2495 2275 2860 2363 regendam
2920 2273 3209 2363 Syriam

764 2390 1067 2472 tempore
1134 2385 1573 2467 Graecorum,
1647 2390 1960 2465 venerat,
2028 2390 2335 2452 testante
2394 2386 2542 2454 eius
2587 2384 2887 2451 historia
2930 2385 3208 2472 syriace

764 2491 1048 2579 scripta,
1100 2512 1274 2578 quae
1320 2497 1723 2558 asservatur
1770 2492 2108 2573 Damasci,
2157 2492 2231 2558 in
2277 2494 2359 2561 B.
2426 2491 2744 2578 Virginis
2803 2489 3218 2559 cathedrali

763 2596 1096 2678 Ecclesia,
1133 2601 1206 2661 et
1239 2596 1419 2661 sicut
1449 2598 1660 2664 etiam
1692 2598 1841 2665 eius
1889 2599 2185 2665 historia
2230 2603 2511 2680 narrat,
2549 2620 2774 2685 quam,
2825 2620 3001 2663 anno
3037 2598 3219 2665 1495

762 2702 1136 2791 Episcopus
1182 2702 1464 2771 Gabriel
1510 2704 1875 2773 Barclaius
1919 2705 2113 2772 misit
2155 2704 2507 2774 Sacerdoti
2552 2704 2849 2792 Georgio
2902 2705 3216 2773 Bar-Bi·

763 2809 1258 2897 sciara,quam,
1287 2832 1395 2876 an.
1432 2810 1629 2893 1634,
1674 2812 1754 2877 P.
1798 2812 2206 2878 Franciscus
2262 2811 2726 2895 Quaresenius
2774 2810 3003 2878 latine
3067 2810 3221 2877 edi-

768 2915 897 2983 dit.
974 2918 1042 2984 S.
1120 2916 1399 2982 Ioannis
1459 2914 1855 2983 Sirimensis
1923 2919 2169 2985 matris
2235 2940 2523 3000 nomen,
2610 2916 2943 2985 Nohemia
3008 2916 3201 3001 fuit3

777 3021 1057 3109 ideoque
1103 3044 1254 3088 eum
1300 3022 1766 3089 Abed-Iesciu
1833 3024 1905 3089 in
1958 3031 2264 3113 poemate
2327 3031 2491 3093 ante
2559 3046 2811 3091 annum
2883 3024 3055 3090 1555
3123 3023 3211 3090 de

768 3126 1158 3214 insignibus
1204 3129 1655 3216 scriptoribus
1707 3130 1909 3217 (quod
1950 3132 2195 3197 Poema
2239 3131 2674 3198 Abrahamus
2726 3130 3221 3198 Hecchelensis

763 3255 939 3299 anno
990 3233 1163 3299 1653
1193 3233 1618 3299 translatum
1665 3235 1909 3322 edidit)
1962 3238 2294 3304 nominat.
2346 3239 2668 3305 Ioannem
2713 3238 2936 3304 filium
2985 3237 3213 3318 Galli,

765 3338 1161 3406 Sirimensis
1208 3340 1475 3406 nomine
1522 3341 1879 3425 adiuncto,
1929 3345 2094 3431 quia
2141 3345 2415 3444 Sirimis
2467 3367 2790 3432 magnum
2845 3344 3215 3411 castellum

764 3455 922 3515 erat
953 3447 1025 3512 in
1055 3454 1284 3513 monte
1330 3446 1614 3515 Suaidia
1662 3473 1868 3537 prope
1921 3452 2391 3534 Antiochiam,
2426 3474 2606 3518 nunc
2636 3454 2887 3540 absque
2935 3451 3207 3517 incolis.

766 3554 911 3620 Hoc
951 3553 1223 3620 Sirimis
1253 3555 1639 3638 castellum,
1676 3562 1805 3623 aut
1843 3558 2237 3645 Agathonis
2292 3558 2707 3625 domicilium
2739 3559 2903 3640 fuit,
2941 3563 3070 3624 aut
3099 3557 3217 3624 de-

764 3659 1090 3727 fensionis
1113 3660 1324 3742 locus,
1356 3661 1635 3749 ideoque
1667 3663 1814 3729 eius
1840 3664 2053 3746 filius,
2075 3663 2470 3732 Sirimensis
2497 3667 2642 3732 fuit
2667 3666 3212 3754 cognominatus.

767 3768 1057 3833 Ioannes
1088 3765 1310 3832 adhuc
1355 3790 1523 3854 puer
1572 3768 1976 3836 litterarum
2023 3772 2300 3854 studiis,
2336 3773 2409 3838 in
2440 3773 2722 3840 Patriae
2767 3795 2931 3840 suae
2963 3773 3222 3840 scholis

765 3894 1035 3959 operam
1060 3870 1275 3951 dedit,
1305 3871 1546 3938 deinde
1569 3873 1985 3942 Antiochiae
2018 3875 2289 3944 divinas
2319 3878 2783 3968 humanasque
2814 3880 3084 3960 literas,
3138 3884 3221 3946 et

767 3977 840 4044 in
887 3977 956 4043 S.
1011 3976 1316 4044 Maronis
1361 3977 1670 4044 coenobio
1735 3980 2014 4063 hausit,
2078 4004 2293 4070 usque
2340 3984 2498 4050 dum
2545 3984 3221 4074 Constantinopolim

765 4084 1051 4172 Imperii
1082 4083 1329 4165 sedem,
1359 4089 1442 4150 ut
1471 4083 1620 4150 eius
1650 4085 1949 4155 historia
2004 4098 2275 4173 narrat,
2321 4094 2668 4179 profectus
2703 4098 2832 4161 est.
2887 4093 3220 4161 Graecam

765 4188 1075 4276 linguam
1098 4200 1172 4256 et
1195 4189 1577 4256 doctrinam
1625 4194 1960 4278 profunde
1993 4195 2259 4278 didicit,
2291 4197 2401 4265 Ss.
2433 4200 2724 4265 Patrum
2756 4205 3110 4266 tractatus
3143 4206 3221 4266 et

763 4297 838 4362 in
883 4296 1159 4363 divinas
1233 4297 1482 4363 literas
1526 4302 2014 4369 commentaria
2076 4304 2364 4372 evolvit.
2431 4304 2603 4372 Cum
2665 4306 3029 4394 accepisset
3084 4306 3220 4374 Pa-

767 4409 1001 4472 rentes
1044 4404 1133 4471 ad
1176 4405 1395 4471 Deum
1442 4404 1775 4489 evolasse,
1825 4409 1901 4473 in
1945 4410 2260 4477 Patriam
2306 4418 2691 4495 revocatus,
2742 4414 2845 4479 rei
2893 4413 3216 4480 domesti-

765 4533 880 4579 cae
911 4511 1384 4578 consobrinum
1415 4508 1884 4579 Abrahamum
1932 4517 2284 4602 praefecit,
2336 4518 2455 4605 qui
2486 4540 2745 4585 omnem
2774 4521 2951 4586 hanc
2978 4540 3223 4585 curam

765 4617 1051 4706 recepit,
1100 4622 1173 4684 et
1218 4615 1459 4684 deinde
1506 4616 1580 4683 in
1628 4617 1698 4685 S.
1752 4621 2058 4688 Maronis
2087 4621 2520 4707 Coenobium,
2571 4625 2774 4691 iuxta
2806 4624 3089 4702 Orontis
3119 4624 3222 4692 ri-
