<?xml version="1.0" encoding="UTF-8"?>
<!DOCTYPE html PUBLIC "-//W3C//DTD XHTML 1.0 Transitional//EN"
    "http://www.w3.org/TR/xhtml1/DTD/xhtml1-transitional.dtd">
<html xmlns="http://www.w3.org/1999/xhtml" xml:lang="en" lang="en">
 <head>
  <title>
</title>
<meta http-equiv="Content-Type" content="text/html;charset=utf-8" />
  <meta name='ocr-system' content='tesseract 3.04.00' />
  <meta name='ocr-capabilities' content='ocr_page ocr_carea ocr_par ocr_line ocrx_word'/>
</head>
<body>
  <div class='ocr_page' id='page_1' title='image "./serieschronolog00vatigoog_0034.png"; bbox 0 0 3525 5454; ppageno 0'>
   <div class='ocr_carea' id='block_1_1' title="bbox 869 473 3332 4282">
    <p class='ocr_par' dir='ltr' id='par_1_1' title="bbox 875 473 3332 2899">
     <span class='ocr_line' id='line_1_1' title="bbox 1974 473 2256 526; baseline -0.004 -12"><span class='ocrx_word' id='word_1_1' title='bbox 1974 502 2042 514; x_wconf 91' lang='lat'><strong>...</strong></span> <span class='ocrx_word' id='word_1_2' title='bbox 2079 473 2151 526; x_wconf 79' lang='lat'><strong>20</strong></span> <span class='ocrx_word' id='word_1_3' title='bbox 2183 501 2256 513; x_wconf 82' lang='grc'><strong>..-</strong></span> 
     </span>
     <span class='ocr_line' id='line_1_2' title="bbox 893 572 3322 661; baseline 0.002 -23"><span class='ocrx_word' id='word_1_4' title='bbox 893 593 1069 638; x_wconf 89' lang='lat' dir='ltr'><strong>anno</strong></span> <span class='ocrx_word' id='word_1_5' title='bbox 1116 572 1289 641; x_wconf 85' lang='lat'>1145</span> <span class='ocrx_word' id='word_1_6' title='bbox 1335 574 1463 639; x_wconf 89' lang='lat' dir='ltr'><strong>sub</strong></span> <span class='ocrx_word' id='word_1_7' title='bbox 1506 573 1820 661; x_wconf 89' lang='lat' dir='ltr'><strong>Eugenio</strong></span> <span class='ocrx_word' id='word_1_8' title='bbox 1867 575 1985 643; x_wconf 89' lang='lat'><strong>111</strong></span> <span class='ocrx_word' id='word_1_9' title='bbox 2029 576 2486 644; x_wconf 90' lang='lat' dir='ltr'><strong>Armenorum</strong></span> <span class='ocrx_word' id='word_1_10' title='bbox 2546 573 2946 644; x_wconf 88' lang='lat' dir='ltr'><strong>Catholicus</strong></span> <span class='ocrx_word' id='word_1_11' title='bbox 2991 597 3129 642; x_wconf 90' lang='lat' dir='ltr'><strong>una</strong></span> <span class='ocrx_word' id='word_1_12' title='bbox 3172 596 3322 643; x_wconf 91' lang='lat' dir='ltr'><strong>cum</strong></span> 
     </span>
     <span class='ocr_line' id='line_1_3' title="bbox 892 679 3325 769; baseline 0 -21"><span class='ocrx_word' id='word_1_13' title='bbox 892 679 1247 769; x_wconf 87' lang='lat' dir='ltr'><strong>Episcopis</strong></span> <span class='ocrx_word' id='word_1_14' title='bbox 1291 685 1366 747; x_wconf 91' lang='lat' dir='ltr'><strong>et</strong></span> <span class='ocrx_word' id='word_1_15' title='bbox 1410 680 1884 769; x_wconf 86' lang='lat' dir='ltr'><strong>Metropolitis</strong></span> <span class='ocrx_word' id='word_1_16' title='bbox 1929 683 2074 749; x_wconf 90' lang='lat' dir='ltr'><strong>suis</strong></span> <span class='ocrx_word' id='word_1_17' title='bbox 2135 684 2393 751; x_wconf 89' lang='lat' dir='ltr'><strong>iterum</strong></span> <span class='ocrx_word' id='word_1_18' title='bbox 2460 680 2890 750; x_wconf 89' lang='lat' dir='ltr'><strong>Catholicam</strong></span> <span class='ocrx_word' id='word_1_19' title='bbox 2957 680 3325 750; x_wconf 74' lang='lat' dir='ltr'><strong>Ecclesiam</strong></span> 
     </span>
     <span class='ocr_line' id='line_1_4' title="bbox 890 787 3316 876; baseline 0.001 -23"><span class='ocrx_word' id='word_1_20' title='bbox 890 788 1170 876; x_wconf 88' lang='lat' dir='ltr'><strong>sequuti</strong></span> <span class='ocrx_word' id='word_1_21' title='bbox 1214 787 1382 872; x_wconf 80' lang='lat' dir='ltr'><strong>sint3</strong></span> <span class='ocrx_word' id='word_1_22' title='bbox 1434 792 1672 875; x_wconf 85' lang='lat' dir='ltr'><strong>postea</strong></span> <span class='ocrx_word' id='word_1_23' title='bbox 1717 788 1940 855; x_wconf 88' lang='lat' dir='ltr'><strong>adhuc</strong></span> <span class='ocrx_word' id='word_1_24' title='bbox 1988 788 2323 856; x_wconf 88' lang='lat' dir='ltr'><strong>haeretici</strong></span> <span class='ocrx_word' id='word_1_25' title='bbox 2367 788 2804 871; x_wconf 88' lang='lat' dir='ltr'><strong>efficiuntur,</strong></span> <span class='ocrx_word' id='word_1_26' title='bbox 2853 792 2929 855; x_wconf 90' lang='lat' dir='ltr'><strong>et</strong></span> <span class='ocrx_word' id='word_1_27' title='bbox 2972 810 3149 854; x_wconf 91' lang='lat' dir='ltr'><strong>anno</strong></span> <span class='ocrx_word' id='word_1_28' title='bbox 3194 789 3316 855; x_wconf 88' lang='grc'><strong>591</strong></span> 
     </span>
     <span class='ocr_line' id='line_1_5' title="bbox 890 892 3332 981; baseline -0.001 -19"><span class='ocrx_word' id='word_1_29' title='bbox 890 894 1089 962; x_wconf 90' lang='lat' dir='ltr'><strong>Patr.</strong></span> <span class='ocrx_word' id='word_1_30' title='bbox 1142 893 1522 981; x_wconf 82' lang='lat' dir='ltr'>Gregorius</span> <span class='ocrx_word' id='word_1_31' title='bbox 1566 893 1959 963; x_wconf 76' lang='lat' dir='ltr'>Caelestino</span> <span class='ocrx_word' id='word_1_32' title='bbox 2004 895 2145 962; x_wconf 88' lang='lat'><strong>111.</strong></span> <span class='ocrx_word' id='word_1_33' title='bbox 2204 894 2409 962; x_wconf 89' lang='lat' dir='ltr'><strong>Pont.</strong></span> <span class='ocrx_word' id='word_1_34' title='bbox 2461 893 2916 961; x_wconf 89' lang='lat' dir='ltr'><strong>obedientiam</strong></span> <span class='ocrx_word' id='word_1_35' title='bbox 2976 892 3332 981; x_wconf 75' lang='lat' dir='ltr'><strong>pollicitus</strong></span> 
     </span>
     <span class='ocr_line' id='line_1_6' title="bbox 892 999 3323 1090; baseline -0 -24"><span class='ocrx_word' id='word_1_36' title='bbox 892 1004 1024 1086; x_wconf 87' lang='lat' dir='ltr'><strong>est,</strong></span> <span class='ocrx_word' id='word_1_37' title='bbox 1075 1008 1148 1066; x_wconf 90' lang='lat' dir='ltr'><strong>et</strong></span> <span class='ocrx_word' id='word_1_38' title='bbox 1191 999 1289 1067; x_wconf 91' lang='lat' dir='ltr'><strong>sic</strong></span> <span class='ocrx_word' id='word_1_39' title='bbox 1332 1022 1548 1090; x_wconf 87' lang='lat' dir='ltr'><strong>usque</strong></span> <span class='ocrx_word' id='word_1_40' title='bbox 1594 1000 1682 1067; x_wconf 90' lang='lat' dir='ltr'><strong>ad</strong></span> <span class='ocrx_word' id='word_1_41' title='bbox 1726 1000 2215 1067; x_wconf 77' lang='lat' dir='ltr'><strong>Florentinum</strong></span> <span class='ocrx_word' id='word_1_42' title='bbox 2259 999 2640 1068; x_wconf 85' lang='lat' dir='ltr'><strong>Concilium</strong></span> <span class='ocrx_word' id='word_1_43' title='bbox 2685 1000 2869 1065; x_wconf 89' lang='lat' dir='ltr'><strong>hunc</strong></span> <span class='ocrx_word' id='word_1_44' title='bbox 2927 1021 3181 1066; x_wconf 91' lang='lat' dir='ltr'><strong>morem</strong></span> <span class='ocrx_word' id='word_1_45' title='bbox 3225 1003 3323 1065; x_wconf 87' lang='lat' dir='ltr'><strong>te-</strong></span> 
     </span>
     <span class='ocr_line' id='line_1_7' title="bbox 889 1104 3321 1194; baseline -0 -22"><span class='ocrx_word' id='word_1_46' title='bbox 889 1108 1221 1188; x_wconf 87' lang='lat' dir='ltr'><strong>nuerunt,</strong></span> <span class='ocrx_word' id='word_1_47' title='bbox 1273 1105 1347 1171; x_wconf 91' lang='lat' dir='ltr'><strong>in</strong></span> <span class='ocrx_word' id='word_1_48' title='bbox 1402 1128 1534 1194; x_wconf 86' lang='lat' dir='ltr'><strong>quo</strong></span> <span class='ocrx_word' id='word_1_49' title='bbox 1582 1107 1707 1173; x_wconf 89' lang='lat' dir='ltr'><strong>sub</strong></span> <span class='ocrx_word' id='word_1_50' title='bbox 1771 1107 2082 1194; x_wconf 88' lang='lat' dir='ltr'><strong>Eugenio</strong></span> <span class='ocrx_word' id='word_1_51' title='bbox 2127 1106 2233 1177; x_wconf 84' lang='lat' dir='ltr'><strong>I&#39;V</strong></span> <span class='ocrx_word' id='word_1_52' title='bbox 2299 1104 2749 1174; x_wconf 76' lang='lat' dir='ltr'><strong>orthodoxam</strong></span> <span class='ocrx_word' id='word_1_53' title='bbox 2809 1104 3012 1172; x_wconf 91' lang='lat' dir='ltr'><strong>fidem</strong></span> <span class='ocrx_word' id='word_1_54' title='bbox 3072 1105 3321 1171; x_wconf 87' lang='lat' dir='ltr'><strong>iterum</strong></span> 
     </span>
     <span class='ocr_line' id='line_1_8' title="bbox 890 1208 3324 1301; baseline -0.001 -22"><span class='ocrx_word' id='word_1_55' title='bbox 890 1214 1060 1279; x_wconf 89' lang='lat' dir='ltr'><strong>sunt</strong></span> <span class='ocrx_word' id='word_1_56' title='bbox 1125 1211 1525 1299; x_wconf 84' lang='lat' dir='ltr'><strong>amplexati.</strong></span> <span class='ocrx_word' id='word_1_57' title='bbox 1596 1213 1737 1279; x_wconf 87' lang='lat' dir='ltr'><strong>Ast</strong></span> <span class='ocrx_word' id='word_1_58' title='bbox 1783 1217 2022 1301; x_wconf 88' lang='lat' dir='ltr'><strong>postea</strong></span> <span class='ocrx_word' id='word_1_59' title='bbox 2081 1212 2300 1280; x_wconf 90' lang='lat' dir='ltr'><strong>denuo</strong></span> <span class='ocrx_word' id='word_1_60' title='bbox 2356 1212 2431 1279; x_wconf 92' lang='lat' dir='ltr'><strong>in</strong></span> <span class='ocrx_word' id='word_1_61' title='bbox 2488 1210 2831 1278; x_wconf 79' lang='lat' dir='ltr'><strong>haeresim</strong></span> <span class='ocrx_word' id='word_1_62' title='bbox 2888 1208 3106 1298; x_wconf 82' lang='lat' dir='ltr'><strong>lapsi,</strong></span> <span class='ocrx_word' id='word_1_63' title='bbox 3178 1215 3324 1277; x_wconf 85' lang='lat' dir='ltr'><strong>tres</strong></span> 
     </span>
     <span class='ocr_line' id='line_1_9' title="bbox 891 1315 3327 1406; baseline -0.002 -19"><span class='ocrx_word' id='word_1_64' title='bbox 891 1318 1285 1387; x_wconf 89' lang='lat' dir='ltr'><strong>Catholicos</strong></span> <span class='ocrx_word' id='word_1_65' title='bbox 1329 1319 1876 1402; x_wconf 88' lang='lat' dir='ltr'><strong>constituerunt,</strong></span> <span class='ocrx_word' id='word_1_66' title='bbox 1925 1324 2109 1386; x_wconf 89' lang='lat' dir='ltr'><strong>teste</strong></span> <span class='ocrx_word' id='word_1_67' title='bbox 2152 1320 2235 1386; x_wconf 91' lang='lat' dir='ltr'><strong>P.</strong></span> <span class='ocrx_word' id='word_1_68' title='bbox 2295 1317 2533 1386; x_wconf 85' lang='lat' dir='ltr'><strong>Azzur</strong></span> <span class='ocrx_word' id='word_1_69' title='bbox 2587 1315 2662 1384; x_wconf 88' lang='lat' dir='ltr'><strong>in</strong></span> <span class='ocrx_word' id='word_1_70' title='bbox 2720 1316 2886 1406; x_wconf 88' lang='lat' dir='ltr'><strong>Cap.</strong></span> <span class='ocrx_word' id='word_1_71' title='bbox 2958 1316 3047 1383; x_wconf 80' lang='lat'><strong>35</strong></span> <span class='ocrx_word' id='word_1_72' title='bbox 3103 1316 3223 1383; x_wconf 87' lang='lat' dir='ltr'><strong>lib.</strong></span> <span class='ocrx_word' id='word_1_73' title='bbox 3284 1315 3327 1382; x_wconf 75' lang='lat'>3</span> 
     </span>
     <span class='ocr_line' id='line_1_10' title="bbox 887 1423 3322 1514; baseline -0.002 -20"><span class='ocrx_word' id='word_1_74' title='bbox 887 1424 1008 1494; x_wconf 90' lang='grc' dir='ltr'><strong>ΠΙ</strong></span> <span class='ocrx_word' id='word_1_75' title='bbox 1049 1425 1410 1513; x_wconf 89' lang='lat' dir='ltr'><strong>Praecepti</strong></span> <span class='ocrx_word' id='word_1_76' title='bbox 1454 1425 1606 1491; x_wconf 88' lang='lat' dir='ltr'><strong>Dei.</strong></span> <span class='ocrx_word' id='word_1_77' title='bbox 1660 1425 1938 1492; x_wconf 79' lang='lat' dir='ltr'><strong>Primus</strong></span> <span class='ocrx_word' id='word_1_78' title='bbox 1981 1425 2317 1514; x_wconf 88' lang='lat' dir='ltr'><strong>Cyliciam</strong></span> <span class='ocrx_word' id='word_1_79' title='bbox 2348 1423 2883 1511; x_wconf 65' lang='lat' dir='ltr'><strong>Armeniumque</strong></span> <span class='ocrx_word' id='word_1_80' title='bbox 2927 1423 3322 1490; x_wconf 88' lang='lat' dir='ltr'><strong>inferiorem</strong></span> 
     </span>
     <span class='ocr_line' id='line_1_11' title="bbox 887 1528 3319 1620; baseline -0.001 -22"><span class='ocrx_word' id='word_1_81' title='bbox 887 1536 1107 1617; x_wconf 87' lang='lat' dir='ltr'><strong>tenet;</strong></span> <span class='ocrx_word' id='word_1_82' title='bbox 1187 1532 1373 1598; x_wconf 90' lang='lat' dir='ltr'><strong>alter</strong></span> <span class='ocrx_word' id='word_1_83' title='bbox 1416 1530 1816 1599; x_wconf 83' lang='lat' dir='ltr'><strong>Armeniam</strong></span> <span class='ocrx_word' id='word_1_84' title='bbox 1872 1531 2333 1620; x_wconf 88' lang='lat' dir='ltr'><strong>superiorem,</strong></span> <span class='ocrx_word' id='word_1_85' title='bbox 2404 1531 2669 1600; x_wconf 89' lang='lat' dir='ltr'><strong>tertius</strong></span> <span class='ocrx_word' id='word_1_86' title='bbox 2727 1529 3090 1611; x_wconf 87' lang='lat' dir='ltr'><strong>Russiam,</strong></span> <span class='ocrx_word' id='word_1_87' title='bbox 3155 1528 3319 1596; x_wconf 91' lang='lat' dir='ltr'><strong>licet</strong></span> 
     </span>
     <span class='ocr_line' id='line_1_12' title="bbox 886 1635 3325 1725; baseline -0 -22"><span class='ocrx_word' id='word_1_88' title='bbox 886 1636 1037 1720; x_wconf 87' lang='lat' dir='ltr'><strong>alii,</strong></span> <span class='ocrx_word' id='word_1_89' title='bbox 1087 1642 1386 1725; x_wconf 90' lang='lat' dir='ltr'><strong>quatuor</strong></span> <span class='ocrx_word' id='word_1_90' title='bbox 1452 1636 1845 1706; x_wconf 89' lang='lat' dir='ltr'><strong>Catholicos</strong></span> <span class='ocrx_word' id='word_1_91' title='bbox 1888 1661 2033 1706; x_wconf 90' lang='lat' dir='ltr'><strong>esse</strong></span> <span class='ocrx_word' id='word_1_92' title='bbox 2093 1636 2635 1720; x_wconf 85' lang='lat' dir='ltr'><strong>affirmaverint,</strong></span> <span class='ocrx_word' id='word_1_93' title='bbox 2688 1641 2816 1704; x_wconf 90' lang='lat' dir='ltr'><strong>aut</strong></span> <span class='ocrx_word' id='word_1_94' title='bbox 2868 1635 3325 1704; x_wconf 82' lang='lat' dir='ltr'><strong>Patriarchas</strong></span> 
     </span>
     <span class='ocr_line' id='line_1_13' title="bbox 884 1743 3321 1834; baseline 0.001 -22"><span class='ocrx_word' id='word_1_95' title='bbox 884 1743 1368 1812; x_wconf 88' lang='lat' dir='ltr'><strong>Armenorum.</strong></span> <span class='ocrx_word' id='word_1_96' title='bbox 1416 1746 1694 1813; x_wconf 88' lang='lat' dir='ltr'><strong>Primus</strong></span> <span class='ocrx_word' id='word_1_97' title='bbox 1738 1767 1948 1834; x_wconf 83' lang='lat' dir='ltr'><strong>prope</strong></span> <span class='ocrx_word' id='word_1_98' title='bbox 1992 1746 2325 1829; x_wconf 87' lang='lat' dir='ltr'><strong>Persiam,</strong></span> <span class='ocrx_word' id='word_1_99' title='bbox 2374 1746 2450 1812; x_wconf 93' lang='lat' dir='ltr'><strong>in</strong></span> <span class='ocrx_word' id='word_1_100' title='bbox 2496 1745 2566 1813; x_wconf 93' lang='lat' dir='ltr'><strong>S.</strong></span> <span class='ocrx_word' id='word_1_101' title='bbox 2619 1745 2943 1832; x_wconf 82' lang='lat' dir='ltr'><strong>Gregorii</strong></span> <span class='ocrx_word' id='word_1_102' title='bbox 2990 1749 3321 1814; x_wconf 73' lang='lat' dir='ltr'><strong>monaste·</strong></span> 
     </span>
     <span class='ocr_line' id='line_1_14' title="bbox 886 1849 3324 1940; baseline 0 -23"><span class='ocrx_word' id='word_1_103' title='bbox 886 1849 993 1917; x_wconf 88' lang='lat' dir='ltr'><strong>rio</strong></span> <span class='ocrx_word' id='word_1_104' title='bbox 1038 1850 1248 1933; x_wconf 86' lang='lat' dir='ltr'><strong>vivit,</strong></span> <span class='ocrx_word' id='word_1_105' title='bbox 1276 1851 1455 1940; x_wconf 86' lang='lat' dir='ltr'><strong>quod</strong></span> <span class='ocrx_word' id='word_1_106' title='bbox 1479 1852 1695 1919; x_wconf 85' lang='lat' dir='ltr'><strong>trium</strong></span> <span class='ocrx_word' id='word_1_107' title='bbox 1742 1852 2205 1920; x_wconf 85' lang='lat' dir='ltr'><strong>Ecclesiarum</strong></span> <span class='ocrx_word' id='word_1_108' title='bbox 2252 1850 2517 1917; x_wconf 88' lang='lat' dir='ltr'><strong>nomine</strong></span> <span class='ocrx_word' id='word_1_109' title='bbox 2563 1849 2988 1938; x_wconf 89' lang='lat' dir='ltr'><strong>agnoscitur;</strong></span> <span class='ocrx_word' id='word_1_110' title='bbox 3012 1856 3084 1917; x_wconf 93' lang='lat' dir='ltr'><strong>et</strong></span> <span class='ocrx_word' id='word_1_111' title='bbox 3107 1851 3324 1918; x_wconf 90' lang='lat' dir='ltr'><strong>subie-</strong></span> 
     </span>
     <span class='ocr_line' id='line_1_15' title="bbox 886 1958 3317 2048; baseline 0 -25"><span class='ocrx_word' id='word_1_112' title='bbox 886 1961 1033 2023; x_wconf 87' lang='lat' dir='ltr'><strong>ctos</strong></span> <span class='ocrx_word' id='word_1_113' title='bbox 1076 1958 1284 2027; x_wconf 89' lang='lat' dir='ltr'><strong>habet</strong></span> <span class='ocrx_word' id='word_1_114' title='bbox 1358 1960 1442 2026; x_wconf 98' lang='grc'><strong>12</strong></span> <span class='ocrx_word' id='word_1_115' title='bbox 1510 1960 1997 2048; x_wconf 76' lang='lat' dir='ltr'><strong>Metropolitas</strong></span> <span class='ocrx_word' id='word_1_116' title='bbox 2071 1964 2146 2027; x_wconf 90' lang='lat' dir='ltr'><strong>et</strong></span> <span class='ocrx_word' id='word_1_117' title='bbox 2190 1958 2323 2026; x_wconf 85' lang='lat'><strong>200</strong></span> <span class='ocrx_word' id='word_1_118' title='bbox 2367 1958 2760 2047; x_wconf 87' lang='lat' dir='ltr'><strong>Episcopos.</strong></span> <span class='ocrx_word' id='word_1_119' title='bbox 2833 1958 3187 2026; x_wconf 85' lang='lat' dir='ltr'><strong>Secundus</strong></span> <span class='ocrx_word' id='word_1_120' title='bbox 3244 1958 3317 2024; x_wconf 90' lang='lat' dir='ltr'><strong>in</strong></span> 
     </span>
     <span class='ocr_line' id='line_1_16' title="bbox 884 2064 3322 2153; baseline 0 -23"><span class='ocrx_word' id='word_1_121' title='bbox 884 2064 1216 2131; x_wconf 88' lang='lat' dir='ltr'><strong>Armenia</strong></span> <span class='ocrx_word' id='word_1_122' title='bbox 1261 2066 1581 2133; x_wconf 86' lang='lat' dir='ltr'><strong>inferiori</strong></span> <span class='ocrx_word' id='word_1_123' title='bbox 1628 2067 1701 2131; x_wconf 91' lang='lat' dir='ltr'><strong>in</strong></span> <span class='ocrx_word' id='word_1_124' title='bbox 1746 2065 2122 2151; x_wconf 83' lang='lat' dir='ltr'><strong>Cadarsav3</strong></span> <span class='ocrx_word' id='word_1_125' title='bbox 2175 2066 2436 2132; x_wconf 86' lang='lat' dir='ltr'><strong>tertius</strong></span> <span class='ocrx_word' id='word_1_126' title='bbox 2483 2065 2556 2131; x_wconf 91' lang='lat' dir='ltr'><strong>in</strong></span> <span class='ocrx_word' id='word_1_127' title='bbox 2600 2065 2933 2132; x_wconf 90' lang='lat' dir='ltr'><strong>Armenia</strong></span> <span class='ocrx_word' id='word_1_128' title='bbox 2979 2064 3322 2153; x_wconf 87' lang='lat' dir='ltr'><strong>superiori</strong></span> 
     </span>
     <span class='ocr_line' id='line_1_17' title="bbox 884 2169 3324 2260; baseline -0 -22"><span class='ocrx_word' id='word_1_129' title='bbox 884 2170 959 2238; x_wconf 90' lang='lat' dir='ltr'><strong>in</strong></span> <span class='ocrx_word' id='word_1_130' title='bbox 1002 2171 1339 2256; x_wconf 89' lang='lat' dir='ltr'><strong>Aitunar;</strong></span> <span class='ocrx_word' id='word_1_131' title='bbox 1391 2177 1689 2259; x_wconf 87' lang='lat' dir='ltr'><strong>quartus</strong></span> <span class='ocrx_word' id='word_1_132' title='bbox 1734 2171 1810 2236; x_wconf 89' lang='lat' dir='ltr'><strong>in</strong></span> <span class='ocrx_word' id='word_1_133' title='bbox 1855 2170 2278 2260; x_wconf 86' lang='lat' dir='ltr'><strong>Cappadocia</strong></span> <span class='ocrx_word' id='word_1_134' title='bbox 2321 2177 2394 2236; x_wconf 86' lang='lat' dir='ltr'><strong>et</strong></span> <span class='ocrx_word' id='word_1_135' title='bbox 2438 2170 2649 2238; x_wconf 87' lang='lat' dir='ltr'><strong>habet</strong></span> <span class='ocrx_word' id='word_1_136' title='bbox 2695 2170 3033 2238; x_wconf 89' lang='lat' dir='ltr'><strong>subiectos</strong></span> <span class='ocrx_word' id='word_1_137' title='bbox 3075 2173 3125 2237; x_wconf 85' lang='lat'>4</span> <span class='ocrx_word' id='word_1_138' title='bbox 3182 2169 3324 2237; x_wconf 81' lang='lat' dir='ltr'><strong>Me-</strong></span> 
     </span>
     <span class='ocr_line' id='line_1_18' title="bbox 882 2277 3318 2367; baseline 0 -24"><span class='ocrx_word' id='word_1_139' title='bbox 882 2277 1278 2366; x_wconf 88' lang='lat' dir='ltr'><strong>tropolitas,</strong></span> <span class='ocrx_word' id='word_1_140' title='bbox 1329 2283 1403 2344; x_wconf 90' lang='lat' dir='ltr'><strong>et</strong></span> <span class='ocrx_word' id='word_1_141' title='bbox 1451 2278 1535 2345; x_wconf 98' lang='grc'><strong>16</strong></span> <span class='ocrx_word' id='word_1_142' title='bbox 1580 2277 1972 2367; x_wconf 86' lang='lat' dir='ltr'><strong>Episcopos.</strong></span> <span class='ocrx_word' id='word_1_143' title='bbox 2010 2278 2121 2346; x_wconf 84' lang='lat' dir='ltr'><strong>Ex</strong></span> <span class='ocrx_word' id='word_1_144' title='bbox 2151 2278 2277 2343; x_wconf 91' lang='lat' dir='ltr'><strong>hoc</strong></span> <span class='ocrx_word' id='word_1_145' title='bbox 2307 2277 2666 2345; x_wconf 85' lang='lat' dir='ltr'><strong>evidenter</strong></span> <span class='ocrx_word' id='word_1_146' title='bbox 2696 2283 3007 2365; x_wconf 86' lang='lat' dir='ltr'><strong>apparet,</strong></span> <span class='ocrx_word' id='word_1_147' title='bbox 3043 2277 3318 2345; x_wconf 89' lang='lat' dir='ltr'><strong>nullum</strong></span> 
     </span>
     <span class='ocr_line' id='line_1_19' title="bbox 879 2382 3326 2467; baseline 0 -16"><span class='ocrx_word' id='word_1_148' title='bbox 879 2384 1335 2451; x_wconf 91' lang='lat' dir='ltr'><strong>Armenorum</strong></span> <span class='ocrx_word' id='word_1_149' title='bbox 1382 2384 1864 2451; x_wconf 90' lang='lat' dir='ltr'><strong>Patriarcham</strong></span> <span class='ocrx_word' id='word_1_150' title='bbox 1898 2434 1912 2467; x_wconf 87' lang='lat'>‚</span> <span class='ocrx_word' id='word_1_151' title='bbox 1962 2382 2377 2451; x_wconf 87' lang='lat' dir='ltr'><strong>Antiochiae</strong></span> <span class='ocrx_word' id='word_1_152' title='bbox 2434 2383 2635 2449; x_wconf 85' lang='lat' dir='ltr'><strong>Patr.</strong></span> <span class='ocrx_word' id='word_1_153' title='bbox 2687 2404 2832 2450; x_wconf 91' lang='lat' dir='ltr'><strong>esse</strong></span> <span class='ocrx_word' id='word_1_154' title='bbox 2866 2431 2881 2463; x_wconf 88' lang='lat'>,</span> <span class='ocrx_word' id='word_1_155' title='bbox 2946 2406 3104 2449; x_wconf 92' lang='lat' dir='ltr'><strong>nam</strong></span> <span class='ocrx_word' id='word_1_156' title='bbox 3171 2390 3326 2451; x_wconf 85' lang='lat' dir='ltr'><strong>tres</strong></span> 
     </span>
     <span class='ocr_line' id='line_1_20' title="bbox 880 2486 3320 2576; baseline -0.002 -17"><span class='ocrx_word' id='word_1_157' title='bbox 880 2490 1225 2559; x_wconf 77' lang='lat' dir='ltr'><strong>Catholici</strong></span> <span class='ocrx_word' id='word_1_158' title='bbox 1273 2494 1584 2558; x_wconf 85' lang='lat' dir='ltr'><strong>recenter</strong></span> <span class='ocrx_word' id='word_1_159' title='bbox 1630 2494 1796 2557; x_wconf 89' lang='lat' dir='ltr'><strong>sunt</strong></span> <span class='ocrx_word' id='word_1_160' title='bbox 1842 2489 2235 2573; x_wconf 88' lang='lat' dir='ltr'><strong>constituti;</strong></span> <span class='ocrx_word' id='word_1_161' title='bbox 2286 2494 2400 2555; x_wconf 89' lang='lat' dir='ltr'><strong>ast</strong></span> <span class='ocrx_word' id='word_1_162' title='bbox 2444 2488 2706 2576; x_wconf 89' lang='lat' dir='ltr'><strong>primus</strong></span> <span class='ocrx_word' id='word_1_163' title='bbox 2750 2486 3157 2556; x_wconf 89' lang='lat' dir='ltr'><strong>Catholicus</strong></span> <span class='ocrx_word' id='word_1_164' title='bbox 3186 2511 3320 2556; x_wconf 89' lang='lat' dir='ltr'><strong>non</strong></span> 
     </span>
     <span class='ocr_line' id='line_1_21' title="bbox 875 2590 3320 2677; baseline -0.002 -14"><span class='ocrx_word' id='word_1_165' title='bbox 875 2602 1032 2664; x_wconf 90' lang='lat' dir='ltr'><strong>erat</strong></span> <span class='ocrx_word' id='word_1_166' title='bbox 1076 2597 1151 2663; x_wconf 93' lang='lat' dir='ltr'><strong>in</strong></span> <span class='ocrx_word' id='word_1_167' title='bbox 1196 2596 1372 2663; x_wconf 90' lang='lat' dir='ltr'><strong>serie</strong></span> <span class='ocrx_word' id='word_1_168' title='bbox 1418 2596 1623 2663; x_wconf 87' lang='lat' dir='ltr'><strong>Patr.</strong></span> <span class='ocrx_word' id='word_1_169' title='bbox 1673 2595 2288 2677; x_wconf 88' lang='lat' dir='ltr'><strong>Antiochenorum,</strong></span> <span class='ocrx_word' id='word_1_170' title='bbox 2341 2594 2457 2661; x_wconf 90' lang='lat' dir='ltr'><strong>sed</strong></span> <span class='ocrx_word' id='word_1_171' title='bbox 2503 2593 2723 2659; x_wconf 92' lang='lat' dir='ltr'><strong>solum</strong></span> <span class='ocrx_word' id='word_1_172' title='bbox 2767 2591 2841 2658; x_wconf 91' lang='lat' dir='ltr'><strong>in</strong></span> <span class='ocrx_word' id='word_1_173' title='bbox 2886 2590 3019 2659; x_wconf 90' lang='lat' dir='ltr'><strong>illa</strong></span> <span class='ocrx_word' id='word_1_174' title='bbox 3062 2592 3320 2660; x_wconf 88' lang='lat' dir='ltr'><strong>Catho-</strong></span> 
     </span>
     <span class='ocr_line' id='line_1_22' title="bbox 877 2698 3320 2789; baseline -0.001 -20"><span class='ocrx_word' id='word_1_175' title='bbox 877 2703 1055 2770; x_wconf 90' lang='lat' dir='ltr'><strong>licus</strong></span> <span class='ocrx_word' id='word_1_176' title='bbox 1120 2702 1578 2770; x_wconf 92' lang='lat' dir='ltr'><strong>Armenorum</strong></span> <span class='ocrx_word' id='word_1_177' title='bbox 1647 2705 1839 2784; x_wconf 88' lang='lat' dir='ltr'><strong>erat,</strong></span> <span class='ocrx_word' id='word_1_178' title='bbox 1912 2701 2033 2789; x_wconf 89' lang='lat' dir='ltr'><strong>qui</strong></span> <span class='ocrx_word' id='word_1_179' title='bbox 2100 2700 2297 2767; x_wconf 87' lang='lat' dir='ltr'><strong>Patr.</strong></span> <span class='ocrx_word' id='word_1_180' title='bbox 2363 2699 2794 2768; x_wconf 87' lang='lat' dir='ltr'><strong>Antiocheno</strong></span> <span class='ocrx_word' id='word_1_181' title='bbox 2863 2698 3320 2767; x_wconf 79' lang='lat' dir='ltr'><strong>obedientiam</strong></span> 
     </span>
     <span class='ocr_line' id='line_1_23' title="bbox 878 2806 3308 2899; baseline -0.002 -23"><span class='ocrx_word' id='word_1_182' title='bbox 878 2812 1301 2899; x_wconf 87' lang='lat' dir='ltr'><strong>praestabat.</strong></span> <span class='ocrx_word' id='word_1_183' title='bbox 1354 2810 1552 2877; x_wconf 90' lang='lat' dir='ltr'><strong>Nunc</strong></span> <span class='ocrx_word' id='word_1_184' title='bbox 1584 2810 1825 2876; x_wconf 91' lang='lat' dir='ltr'><strong>seriem</strong></span> <span class='ocrx_word' id='word_1_185' title='bbox 1860 2809 2113 2875; x_wconf 89' lang='lat' dir='ltr'><strong>iterum</strong></span> <span class='ocrx_word' id='word_1_186' title='bbox 2144 2829 2590 2874; x_wconf 79' lang='lat' dir='ltr'><strong>resumamus,</strong></span> <span class='ocrx_word' id='word_1_187' title='bbox 2624 2806 2794 2874; x_wconf 89' lang='lat' dir='ltr'><strong>Post</strong></span> <span class='ocrx_word' id='word_1_188' title='bbox 2823 2807 2900 2875; x_wconf 87' lang='lat' dir='ltr'><strong>S.</strong></span> <span class='ocrx_word' id='word_1_189' title='bbox 2936 2807 3308 2895; x_wconf 87' lang='lat' dir='ltr'><strong>Ephraem.</strong></span> 
     </span>
    </p>

    <p class='ocr_par' dir='ltr' id='par_1_2' title="bbox 880 2913 3320 3110">
     <span class='ocr_line' id='line_1_24' title="bbox 1011 2913 3320 2988; baseline -0.001 -6"><span class='ocrx_word' id='word_1_190' title='bbox 1011 2915 1202 2985; x_wconf 90' lang='lat' dir='ltr'><strong>LIV.</strong></span> <span class='ocrx_word' id='word_1_191' title='bbox 1252 2917 1448 2983; x_wconf 89' lang='lat' dir='ltr'><strong>Patr.</strong></span> <span class='ocrx_word' id='word_1_192' title='bbox 1500 2917 1780 2988; x_wconf 76' lang='lat' dir='ltr'><strong>Domnus</strong></span> <span class='ocrx_word' id='word_1_193' title='bbox 1822 2915 2201 2982; x_wconf 89' lang='lat' dir='ltr'><strong>Domninus</strong></span> <span class='ocrx_word' id='word_1_194' title='bbox 2247 2914 2474 2981; x_wconf 89' lang='lat' dir='ltr'><strong>dictus</strong></span> <span class='ocrx_word' id='word_1_195' title='bbox 2520 2913 2700 2981; x_wconf 89' lang='lat' dir='ltr'><strong>sedit</strong></span> <span class='ocrx_word' id='word_1_196' title='bbox 2743 2936 2856 2980; x_wconf 89' lang='lat' dir='ltr'><strong>an.</strong></span> <span class='ocrx_word' id='word_1_197' title='bbox 2899 2915 2984 2981; x_wconf 90' lang='grc'><strong>15</strong></span> <span class='ocrx_word' id='word_1_198' title='bbox 3014 2914 3152 2983; x_wconf 85' lang='lat' dir='ltr'><strong>vel.</strong></span> <span class='ocrx_word' id='word_1_199' title='bbox 3198 2916 3320 2983; x_wconf 86' lang='lat'><strong>14.</strong></span> 
     </span>
     <span class='ocr_line' id='line_1_25' title="bbox 880 3019 3227 3110; baseline 0 -21"><span class='ocrx_word' id='word_1_200' title='bbox 880 3020 1055 3089; x_wconf 89' lang='lat' dir='ltr'><strong>Eius</strong></span> <span class='ocrx_word' id='word_1_201' title='bbox 1098 3027 1400 3110; x_wconf 87' lang='lat' dir='ltr'><strong>tempore</strong></span> <span class='ocrx_word' id='word_1_202' title='bbox 1446 3021 1825 3090; x_wconf 87' lang='lat' dir='ltr'><strong>Concilium</strong></span> <span class='ocrx_word' id='word_1_203' title='bbox 1870 3021 1936 3090; x_wconf 91' lang='lat' dir='ltr'><strong>V</strong></span> <span class='ocrx_word' id='word_1_204' title='bbox 1981 3021 2396 3087; x_wconf 90' lang='lat' dir='ltr'><strong>celebratum</strong></span> <span class='ocrx_word' id='word_1_205' title='bbox 2441 3019 2607 3086; x_wconf 86' lang='lat' dir='ltr'><strong>fuit.</strong></span> <span class='ocrx_word' id='word_1_206' title='bbox 2657 3019 2856 3087; x_wconf 50' lang='lat' dir='ltr'><strong>Obiit*</strong></span> <span class='ocrx_word' id='word_1_207' title='bbox 2891 3043 3004 3088; x_wconf 91' lang='lat' dir='ltr'><strong>an.</strong></span> <span class='ocrx_word' id='word_1_208' title='bbox 3069 3023 3227 3091; x_wconf 88' lang='grc'><strong>561.</strong></span> 
     </span>
    </p>

    <p class='ocr_par' dir='ltr' id='par_1_3' title="bbox 872 3127 3324 3640">
     <span class='ocr_line' id='line_1_26' title="bbox 1008 3127 3322 3215; baseline 0.002 -21"><span class='ocrx_word' id='word_1_209' title='bbox 1008 3127 1164 3197; x_wconf 88' lang='lat' dir='ltr'><strong>LV.</strong></span> <span class='ocrx_word' id='word_1_210' title='bbox 1213 3128 1413 3195; x_wconf 91' lang='lat' dir='ltr'><strong>Patr.</strong></span> <span class='ocrx_word' id='word_1_211' title='bbox 1463 3130 1533 3202; x_wconf 84' lang='lat' dir='ltr'><strong>S.</strong></span> <span class='ocrx_word' id='word_1_212' title='bbox 1582 3127 1976 3203; x_wconf 72' lang='lat' dir='ltr'><strong>Anastasius</strong></span> <span class='ocrx_word' id='word_1_213' title='bbox 2020 3150 2308 3215; x_wconf 90' lang='lat' dir='ltr'><strong>magnus</strong></span> <span class='ocrx_word' id='word_1_214' title='bbox 2340 3127 2520 3196; x_wconf 89' lang='lat' dir='ltr'><strong>sedit</strong></span> <span class='ocrx_word' id='word_1_215' title='bbox 2550 3150 2665 3194; x_wconf 90' lang='lat' dir='ltr'><strong>an.</strong></span> <span class='ocrx_word' id='word_1_216' title='bbox 2717 3128 2826 3211; x_wconf 92' lang='grc'><strong>11,</strong></span> <span class='ocrx_word' id='word_1_217' title='bbox 2877 3128 3020 3196; x_wconf 86' lang='lat' dir='ltr'><strong>vel.</strong></span> <span class='ocrx_word' id='word_1_218' title='bbox 3051 3131 3095 3196; x_wconf 90' lang='grc'><strong>6</strong></span> <span class='ocrx_word' id='word_1_219' title='bbox 3126 3130 3322 3198; x_wconf 87' lang='lat' dir='ltr'><strong>iusta</strong></span> 
     </span>
     <span class='ocr_line' id='line_1_27' title="bbox 875 3232 3317 3319; baseline 0.001 -19"><span class='ocrx_word' id='word_1_220' title='bbox 875 3233 1072 3300; x_wconf 91' lang='lat' dir='ltr'><strong>alios.</strong></span> <span class='ocrx_word' id='word_1_221' title='bbox 1110 3235 1312 3300; x_wconf 89' lang='lat' dir='ltr'><strong>Hunc</strong></span> <span class='ocrx_word' id='word_1_222' title='bbox 1341 3234 1758 3302; x_wconf 90' lang='lat' dir='ltr'><strong>Antiochiae</strong></span> <span class='ocrx_word' id='word_1_223' title='bbox 1805 3235 2012 3316; x_wconf 85' lang='lat' dir='ltr'><strong>cives,</strong></span> <span class='ocrx_word' id='word_1_224' title='bbox 2049 3233 2527 3300; x_wconf 87' lang='lat' dir='ltr'><strong>fornicationis</strong></span> <span class='ocrx_word' id='word_1_225' title='bbox 2558 3232 2838 3300; x_wconf 89' lang='lat' dir='ltr'><strong>crimine</strong></span> <span class='ocrx_word' id='word_1_226' title='bbox 2870 3241 3317 3319; x_wconf 84' lang='lat' dir='ltr'><strong>accusarunt,</strong></span> 
     </span>
     <span class='ocr_line' id='line_1_28' title="bbox 875 3338 3324 3429; baseline 0.002 -23"><span class='ocrx_word' id='word_1_227' title='bbox 875 3362 1012 3429; x_wconf 86' lang='lat' dir='ltr'><strong>qua</strong></span> <span class='ocrx_word' id='word_1_228' title='bbox 1035 3340 1115 3406; x_wconf 89' lang='lat' dir='ltr'><strong>de</strong></span> <span class='ocrx_word' id='word_1_229' title='bbox 1139 3362 1344 3407; x_wconf 90' lang='lat' dir='ltr'><strong>causa</strong></span> <span class='ocrx_word' id='word_1_230' title='bbox 1386 3341 1701 3410; x_wconf 89' lang='lat' dir='ltr'><strong>Iustinus</strong></span> <span class='ocrx_word' id='word_1_231' title='bbox 1747 3341 1920 3428; x_wconf 89' lang='lat' dir='ltr'><strong>Imp.</strong></span> <span class='ocrx_word' id='word_1_232' title='bbox 1973 3362 2124 3406; x_wconf 93' lang='lat' dir='ltr'><strong>eum</strong></span> <span class='ocrx_word' id='word_1_233' title='bbox 2155 3339 2229 3405; x_wconf 92' lang='lat' dir='ltr'><strong>in</strong></span> <span class='ocrx_word' id='word_1_234' title='bbox 2261 3338 2544 3405; x_wconf 85' lang='lat' dir='ltr'><strong>exilium</strong></span> <span class='ocrx_word' id='word_1_235' title='bbox 2574 3339 2793 3405; x_wconf 83' lang='lat' dir='ltr'><strong>misit.</strong></span> <span class='ocrx_word' id='word_1_236' title='bbox 2828 3339 3023 3406; x_wconf 87' lang='lat' dir='ltr'><strong>Unde</strong></span> <span class='ocrx_word' id='word_1_237' title='bbox 3066 3340 3324 3410; x_wconf 83' lang='lat' dir='ltr'><strong>Hiero-</strong></span> 
     </span>
     <span class='ocr_line' id='line_1_29' title="bbox 874 3443 3324 3533; baseline 0.001 -21"><span class='ocrx_word' id='word_1_238' title='bbox 874 3445 1205 3533; x_wconf 87' lang='lat' dir='ltr'><strong>solymam</strong></span> <span class='ocrx_word' id='word_1_239' title='bbox 1250 3446 1533 3533; x_wconf 85' lang='lat' dir='ltr'><strong>aufugit</strong></span> <span class='ocrx_word' id='word_1_240' title='bbox 1576 3445 1865 3529; x_wconf 84' lang='lat' dir='ltr'><strong>occulte,</strong></span> <span class='ocrx_word' id='word_1_241' title='bbox 1902 3451 1975 3513; x_wconf 90' lang='lat' dir='ltr'><strong>et</strong></span> <span class='ocrx_word' id='word_1_242' title='bbox 2003 3446 2077 3511; x_wconf 90' lang='lat' dir='ltr'><strong>in</strong></span> <span class='ocrx_word' id='word_1_243' title='bbox 2106 3443 2407 3513; x_wconf 86' lang='lat' dir='ltr'><strong>Basilica</strong></span> <span class='ocrx_word' id='word_1_244' title='bbox 2453 3443 3009 3510; x_wconf 87' lang='lat' dir='ltr'><strong>Resurrectionis</strong></span> <span class='ocrx_word' id='word_1_245' title='bbox 3026 3466 3144 3512; x_wconf 90' lang='lat' dir='ltr'><strong>an.</strong></span> <span class='ocrx_word' id='word_1_246' title='bbox 3185 3447 3324 3514; x_wconf 85' lang='grc'><strong>572</strong></span> 
     </span>
     <span class='ocr_line' id='line_1_30' title="bbox 872 3547 2002 3640; baseline 0.002 -23"><span class='ocrx_word' id='word_1_247' title='bbox 872 3547 1218 3618; x_wconf 85' lang='lat' dir='ltr'><strong>Sacristae</strong></span> <span class='ocrx_word' id='word_1_248' title='bbox 1264 3551 1556 3617; x_wconf 88' lang='lat' dir='ltr'><strong>officium</strong></span> <span class='ocrx_word' id='word_1_249' title='bbox 1602 3552 2002 3640; x_wconf 79' lang='lat' dir='ltr'><strong>assumpsit.</strong></span> 
     </span>
    </p>

    <p class='ocr_par' dir='ltr' id='par_1_4' title="bbox 869 3657 3322 4282">
     <span class='ocr_line' id='line_1_31' title="bbox 1004 3657 3322 3751; baseline -0.001 -20"><span class='ocrx_word' id='word_1_250' title='bbox 1004 3657 1191 3726; x_wconf 81' lang='lat' dir='ltr'><strong>LVI·</strong></span> <span class='ocrx_word' id='word_1_251' title='bbox 1243 3659 1439 3725; x_wconf 64' lang='lat' dir='ltr'><strong>Passr·</strong></span> <span class='ocrx_word' id='word_1_252' title='bbox 1516 3658 1873 3751; x_wconf 73' lang='lat' dir='ltr'><strong>Gregorius</strong></span> <span class='ocrx_word' id='word_1_253' title='bbox 1942 3659 2120 3727; x_wconf 86' lang='lat' dir='ltr'><strong>sedit</strong></span> <span class='ocrx_word' id='word_1_254' title='bbox 2166 3680 2278 3724; x_wconf 91' lang='lat' dir='ltr'><strong>an.</strong></span> <span class='ocrx_word' id='word_1_255' title='bbox 2330 3660 2420 3725; x_wconf 84' lang='lat'><strong>24</strong></span> <span class='ocrx_word' id='word_1_256' title='bbox 2466 3661 2538 3724; x_wconf 83' lang='lat' dir='ltr'><strong>et</strong></span> <span class='ocrx_word' id='word_1_257' title='bbox 2565 3658 2758 3725; x_wconf 76' lang='lat' dir='ltr'><strong>obiit</strong></span> <span class='ocrx_word' id='word_1_258' title='bbox 2803 3679 2917 3724; x_wconf 89' lang='lat' dir='ltr'><strong>an.</strong></span> <span class='ocrx_word' id='word_1_259' title='bbox 2954 3659 3111 3725; x_wconf 88' lang='grc'><strong>596.</strong></span> <span class='ocrx_word' id='word_1_260' title='bbox 3166 3661 3322 3728; x_wconf 83' lang='lat' dir='ltr'><strong>Ast</strong></span> 
     </span>
     <span class='ocr_line' id='line_1_32' title="bbox 873 3765 3318 3855; baseline 0.001 -22"><span class='ocrx_word' id='word_1_261' title='bbox 873 3766 1020 3833; x_wconf 91' lang='lat' dir='ltr'><strong>eius</strong></span> <span class='ocrx_word' id='word_1_262' title='bbox 1064 3771 1366 3855; x_wconf 89' lang='lat' dir='ltr'><strong>tempore</strong></span> <span class='ocrx_word' id='word_1_263' title='bbox 1413 3765 1485 3834; x_wconf 87' lang='lat' dir='ltr'><strong>S.</strong></span> <span class='ocrx_word' id='word_1_264' title='bbox 1537 3767 1963 3835; x_wconf 90' lang='lat' dir='ltr'><strong>Anastasius</strong></span> <span class='ocrx_word' id='word_1_265' title='bbox 2033 3767 2104 3832; x_wconf 90' lang='lat' dir='ltr'><strong>in</strong></span> <span class='ocrx_word' id='word_1_266' title='bbox 2150 3765 2497 3833; x_wconf 85' lang='lat' dir='ltr'><strong>Sacristae</strong></span> <span class='ocrx_word' id='word_1_267' title='bbox 2546 3766 2760 3833; x_wconf 88' lang='lat' dir='ltr'><strong>officio</strong></span> <span class='ocrx_word' id='word_1_268' title='bbox 2815 3769 3318 3854; x_wconf 88' lang='lat' dir='ltr'><strong>perseverabat</strong></span> 
     </span>
     <span class='ocr_line' id='line_1_33' title="bbox 870 3872 3320 3960; baseline 0.002 -21"><span class='ocrx_word' id='word_1_269' title='bbox 870 3872 945 3939; x_wconf 90' lang='lat' dir='ltr'><strong>in</strong></span> <span class='ocrx_word' id='word_1_270' title='bbox 991 3873 1291 3941; x_wconf 89' lang='lat' dir='ltr'><strong>Basilica</strong></span> <span class='ocrx_word' id='word_1_271' title='bbox 1335 3874 1917 3957; x_wconf 84' lang='lat' dir='ltr'><strong>Resurrectionis‚</strong></span> <span class='ocrx_word' id='word_1_272' title='bbox 1968 3873 2232 3939; x_wconf 87' lang='lat' dir='ltr'><strong>nemine</strong></span> <span class='ocrx_word' id='word_1_273' title='bbox 2278 3873 2691 3960; x_wconf 86' lang='lat' dir='ltr'><strong>suspicante,</strong></span> <span class='ocrx_word' id='word_1_274' title='bbox 2743 3876 2832 3941; x_wconf 88' lang='grc'><strong>24</strong></span> <span class='ocrx_word' id='word_1_275' title='bbox 2861 3873 3085 3940; x_wconf 87' lang='lat' dir='ltr'><strong>annis.</strong></span> <span class='ocrx_word' id='word_1_276' title='bbox 3124 3875 3320 3944; x_wconf 83' lang='lat' dir='ltr'><strong>Mor-</strong></span> 
     </span>
     <span class='ocr_line' id='line_1_34' title="bbox 870 3978 3319 4068; baseline 0.001 -23"><span class='ocrx_word' id='word_1_277' title='bbox 870 3984 994 4047; x_wconf 85' lang='lat' dir='ltr'><strong>tuo</strong></span> <span class='ocrx_word' id='word_1_278' title='bbox 1042 3981 1401 4068; x_wconf 84' lang='lat' dir='ltr'><strong>Gregorio,</strong></span> <span class='ocrx_word' id='word_1_279' title='bbox 1451 3980 1873 4048; x_wconf 90' lang='lat' dir='ltr'><strong>Antiochiae</strong></span> <span class='ocrx_word' id='word_1_280' title='bbox 1920 3980 2101 4048; x_wconf 82' lang='lat' dir='ltr'><strong>cives</strong></span> <span class='ocrx_word' id='word_1_281' title='bbox 2152 3978 2606 4046; x_wconf 89' lang='lat' dir='ltr'><strong>Patriarchae</strong></span> <span class='ocrx_word' id='word_1_282' title='bbox 2664 3979 3319 4068; x_wconf 87' lang='lat' dir='ltr'><strong>Hierosolymitano</strong></span> 
     </span>
     <span class='ocr_line' id='line_1_35' title="bbox 869 4085 3320 4176; baseline 0.001 -25"><span class='ocrx_word' id='word_1_283' title='bbox 869 4085 1083 4152; x_wconf 90' lang='lat' dir='ltr'><strong>alium</strong></span> <span class='ocrx_word' id='word_1_284' title='bbox 1128 4086 1611 4154; x_wconf 88' lang='lat' dir='ltr'><strong>Patriarcham</strong></span> <span class='ocrx_word' id='word_1_285' title='bbox 1658 4087 2037 4176; x_wconf 84' lang='lat' dir='ltr'><strong>petierunt3</strong></span> <span class='ocrx_word' id='word_1_286' title='bbox 2089 4090 2257 4151; x_wconf 90' lang='lat' dir='ltr'><strong>tunc</strong></span> <span class='ocrx_word' id='word_1_287' title='bbox 2302 4086 2403 4152; x_wconf 92' lang='lat' dir='ltr'><strong>eis</strong></span> <span class='ocrx_word' id='word_1_288' title='bbox 2446 4085 2815 4153; x_wconf 87' lang='lat' dir='ltr'><strong>constituit</strong></span> <span class='ocrx_word' id='word_1_289' title='bbox 2873 4086 2946 4153; x_wconf 90' lang='lat' dir='ltr'><strong>S.</strong></span> <span class='ocrx_word' id='word_1_290' title='bbox 2997 4086 3320 4154; x_wconf 86' lang='lat' dir='ltr'><strong>Anasta·</strong></span> 
     </span>
     <span class='ocr_line' id='line_1_36' title="bbox 869 4189 3307 4282; baseline 0 -22"><span class='ocrx_word' id='word_1_291' title='bbox 869 4193 1070 4276; x_wconf 87' lang='lat' dir='ltr'><strong>sium,</strong></span> <span class='ocrx_word' id='word_1_292' title='bbox 1107 4217 1303 4281; x_wconf 88' lang='lat' dir='ltr'><strong>quem</strong></span> <span class='ocrx_word' id='word_1_293' title='bbox 1334 4194 1577 4259; x_wconf 89' lang='lat' dir='ltr'><strong>statim</strong></span> <span class='ocrx_word' id='word_1_294' title='bbox 1636 4193 1955 4282; x_wconf 87' lang='lat' dir='ltr'><strong>agnitum</strong></span> <span class='ocrx_word' id='word_1_295' title='bbox 1986 4189 2430 4258; x_wconf 87' lang='lat' dir='ltr'><strong>Antiochiam</strong></span> <span class='ocrx_word' id='word_1_296' title='bbox 2462 4190 2835 4258; x_wconf 83' lang='lat' dir='ltr'><strong>duxerunt.</strong></span> <span class='ocrx_word' id='word_1_297' title='bbox 2875 4190 3074 4258; x_wconf 87' lang='lat' dir='ltr'><strong>Sedit</strong></span> <span class='ocrx_word' id='word_1_298' title='bbox 3105 4193 3147 4259; x_wconf 87' lang='grc'><strong>5</strong></span> <span class='ocrx_word' id='word_1_299' title='bbox 3180 4216 3307 4260; x_wconf 90' lang='lat' dir='ltr'><strong>an.</strong></span> 
     </span>
    </p>
   </div>
   <div class='ocr_carea' id='block_1_2' title="bbox 866 4297 2330 4384">
    <p class='ocr_par' dir='ltr' id='par_1_5' title="bbox 866 4297 2330 4384">
     <span class='ocr_line' id='line_1_37' title="bbox 866 4297 2330 4384; baseline -0.004 -16"><span class='ocrx_word' id='word_1_300' title='bbox 866 4300 983 4369; x_wconf 85' lang='lat' dir='ltr'><strong>vel</strong></span> <span class='ocrx_word' id='word_1_301' title='bbox 1029 4303 1070 4368; x_wconf 88' lang='lat'>9</span> <span class='ocrx_word' id='word_1_302' title='bbox 1116 4301 1319 4367; x_wconf 83' lang='lat' dir='ltr'><strong>iuxta</strong></span> <span class='ocrx_word' id='word_1_303' title='bbox 1363 4300 1621 4384; x_wconf 88' lang='lat' dir='ltr'><strong>varios,</strong></span> <span class='ocrx_word' id='word_1_304' title='bbox 1673 4305 1747 4366; x_wconf 82' lang='lat' dir='ltr'><strong>et</strong></span> <span class='ocrx_word' id='word_1_305' title='bbox 1792 4323 1906 4366; x_wconf 90' lang='lat' dir='ltr'><strong>an.</strong></span> <span class='ocrx_word' id='word_1_306' title='bbox 1959 4300 2086 4365; x_wconf 90' lang='grc'><strong>601</strong></span> <span class='ocrx_word' id='word_1_307' title='bbox 2134 4297 2330 4364; x_wconf 90' lang='lat' dir='ltr'><strong>obiit.</strong></span> 
     </span>
    </p>
   </div>
   <div class='ocr_carea' id='block_1_3' title="bbox 865 4403 3314 4600">
    <p class='ocr_par' dir='ltr' id='par_1_6' title="bbox 865 4403 3314 4600">
     <span class='ocr_line' id='line_1_38' title="bbox 998 4403 3312 4493; baseline 0 -19"><span class='ocrx_word' id='word_1_308' title='bbox 998 4407 1225 4476; x_wconf 89' lang='lat' dir='ltr'><strong>LVII.</strong></span> <span class='ocrx_word' id='word_1_309' title='bbox 1255 4407 1455 4473; x_wconf 90' lang='lat' dir='ltr'><strong>Patr.</strong></span> <span class='ocrx_word' id='word_1_310' title='bbox 1485 4407 1629 4474; x_wconf 86' lang='lat' dir='ltr'><strong>fuit</strong></span> <span class='ocrx_word' id='word_1_311' title='bbox 1652 4406 1835 4472; x_wconf 91' lang='lat' dir='ltr'><strong>alius</strong></span> <span class='ocrx_word' id='word_1_312' title='bbox 1858 4403 2255 4480; x_wconf 67' lang='lat' dir='ltr'><strong>Anastasius</strong></span> <span class='ocrx_word' id='word_1_313' title='bbox 2301 4405 2673 4472; x_wconf 85' lang='lat' dir='ltr'><strong>sanctitate</strong></span> <span class='ocrx_word' id='word_1_314' title='bbox 2719 4404 3018 4493; x_wconf 76' lang='lat' dir='ltr'><strong>fulgenS,</strong></span> <span class='ocrx_word' id='word_1_315' title='bbox 3048 4406 3173 4493; x_wconf 91' lang='lat' dir='ltr'><strong>qui</strong></span> <span class='ocrx_word' id='word_1_316' title='bbox 3199 4432 3312 4477; x_wconf 86' lang='lat' dir='ltr'><strong>se-</strong></span> 
     </span>
     <span class='ocr_line' id='line_1_39' title="bbox 865 4510 3314 4600; baseline 0 -19"><span class='ocrx_word' id='word_1_317' title='bbox 865 4511 975 4581; x_wconf 84' lang='lat' dir='ltr'><strong>dit</strong></span> <span class='ocrx_word' id='word_1_318' title='bbox 1017 4534 1129 4584; x_wconf 81' lang='lat' dir='ltr'><strong>an.</strong></span> <span class='ocrx_word' id='word_1_319' title='bbox 1184 4512 1292 4597; x_wconf 88' lang='grc'><strong>10,</strong></span> <span class='ocrx_word' id='word_1_320' title='bbox 1340 4512 1457 4584; x_wconf 79' lang='lat' dir='ltr'><strong>vel</strong></span> <span class='ocrx_word' id='word_1_321' title='bbox 1502 4514 1570 4596; x_wconf 83' lang='lat'><strong>9,</strong></span> <span class='ocrx_word' id='word_1_322' title='bbox 1618 4517 1746 4580; x_wconf 89' lang='lat' dir='ltr'><strong>aut</strong></span> <span class='ocrx_word' id='word_1_323' title='bbox 1791 4513 1834 4579; x_wconf 94' lang='grc'><strong>6</strong></span> <span class='ocrx_word' id='word_1_324' title='bbox 1873 4511 2081 4600; x_wconf 84' lang='lat' dir='ltr'><strong>juxta</strong></span> <span class='ocrx_word' id='word_1_325' title='bbox 2126 4510 2325 4594; x_wconf 89' lang='lat' dir='ltr'><strong>alios,</strong></span> <span class='ocrx_word' id='word_1_326' title='bbox 2373 4515 2447 4576; x_wconf 91' lang='lat' dir='ltr'><strong>et</strong></span> <span class='ocrx_word' id='word_1_327' title='bbox 2492 4533 2604 4577; x_wconf 90' lang='lat' dir='ltr'><strong>an.</strong></span> <span class='ocrx_word' id='word_1_328' title='bbox 2655 4511 2785 4579; x_wconf 92' lang='grc'><strong>609</strong></span> <span class='ocrx_word' id='word_1_329' title='bbox 2830 4511 2893 4578; x_wconf 91' lang='lat' dir='ltr'><strong>ei</strong></span> <span class='ocrx_word' id='word_1_330' title='bbox 2941 4513 3314 4582; x_wconf 74' lang='lat' dir='ltr'><strong>successit.</strong></span> 
     </span>
    </p>
   </div>
  </div>
 </body>
</html>
