3525 5454
1891 466 2151 519 ...12-

1828 636 2218 719 SER1ES

879 847 1876 966 PATRIARCHARUM
1945 837 2760 962 ANTIOCHENAE
2828 834 3170 954 URBIS

1967 1102 2094 1145 PER.

1185 1223 1255 1295 D.
1301 1222 1653 1313 Josophum
1696 1220 1898 1294 fllium
1942 1220 2255 1293 Simeonis
2305 1219 2658 1292 Assemani.
2707 1218 2786 1299 (1)

946 1404 1009 1471 Ι.
1037 1404 1267 1472 Primo
1298 1403 1677 1491 Apostolus
1706 1402 1775 1475 S.
1797 1402 2029 1474 Petrus
2054 1398 2555 1465 Antiochenam
2581 1395 2954 1464 Ecclesiam
2967 1397 3252 1463 ann038

813 1511 972 1578 Iesu
1018 1511 1286 1579 Christi
1333 1512 1442 1579 die
1493 1512 1574 1577 12
1621 1508 1962 1576 februarii
2006 1506 2357 1586 fundavit,
2408 1527 2686 1593 eamque
2733 1508 2993 1591 septem
3049 1502 3258 1569 annis

812 1618 1019 1684 rexit.
1073 1617 1331 1685 Deinde
1396 1639 1573 1684 anno
1631 1616 1719 1682 45
1776 1615 2058 1681 Romam
2118 1613 2515 1680 cathedram
2594 1635 2784 1679 suam
2840 1610 3249 1693 transtulit,

809 1723 1027 1792 electo
1073 1725 1269 1812 prius
1327 1723 1617 1791 secundo
1678 1721 2091 1789 Patriarcha
2160 1719 2592 1787 Antiocheno

944 1830 1045 1898 II.
1060 1832 1126 1903 S.
1144 1827 1380 1904 Evodio
1413 1851 1589 1895 anno
1611 1829 1723 1911 46,
1741 1827 1861 1915 qui
1885 1826 2065 1893 sedit
2087 1848 2198 1894 an.
2219 1827 2329 1909 25,
2347 1824 2459 1892 vel
2472 1826 2560 1892 23
2571 1825 2780 1913 juxta
2792 1821 3005 1891 aliam
3017 1822 3256 1890 lectio·

809 1957 985 2018 nem,
1015 1941 1142 2002 aut
1170 1937 1258 2004 27
1296 1937 1498 2002 iuxta
1544 1935 1745 2015 alioS,
1782 1938 1855 1999 et
1886 1954 2061 1998 anno
2087 1933 2170 1998 71
2202 1952 2403 1998 aerae
2433 1930 2875 1998 Christianae
2907 1928 3257 2015 martyrio

811 2048 920 2109 est
943 2041 1525 2129 cor-onatuS,quod
1547 2040 1691 2107 alia
1714 2040 1790 2105 in
1823 2038 2114 2106 lectione
2139 2036 2445 2105 evenisse
2472 2037 2729 2104 dicitur
2751 2060 2930 2104 anno
2958 2036 3064 2102 79.
3083 2036 3254 2103 Exi-

815 2150 1108 2215 stimant
1153 2149 1390 2235 plures
1421 2170 1554 2214 non
1585 2145 1950 2226 Evodium,
1988 2144 2106 2211 sed
2136 2143 2492 2231 Ignatium
2524 2144 2736 2209 fuisse
2782 2142 3254 2210 immediatum

817 2252 891 2320 S.
940 2253 1136 2320 Petri
1184 2254 1256 2318 in
1302 2252 1735 2320 Antiochena
1783 2250 1954 2316 Sede
1985 2271 2453 2331 successorem,
2490 2249 2608 2315 sed
2639 2250 2763 2315 hoc
2791 2249 3044 2316 falsum
3101 2271 3252 2316 esse

821 2358 1024 2425 facile
1070 2358 1441 2441 evincitur,
1495 2382 1579 2425 ex
1624 2358 1923 2426 eiusdem
1969 2359 2039 2425 S.
2091 2357 2362 2444 Ignatii
2406 2358 2494 2424 ad
2526 2357 2848 2445 populum
2881 2358 3253 2426 Antioche-

826 2487 990 2530 num
1035 2464 1355 2551 epistola,
1409 2465 1481 2529 in
1526 2486 1662 2552 qua
1707 2463 2047 2532 Evodium
2114 2463 2698 2530 Praedecessorem
2745 2486 2944 2530 suum
3011 2465 3242 2552 appel-

822 2568 954 2636 lat.
987 2568 1279 2651 Quidam
1327 2571 1675 2636 affirmant
1707 2569 1780 2637 S.
1810 2569 2148 2637 Evodium
2192 2592 2326 2635 non
2357 2568 2566 2636 fuisse
2598 2569 3078 2636 Patriarcham
3105 2571 3251 2637 An-

818 2674 1232 2758 tiochenam,
1268 2675 1548 2764 ideoque
1572 2679 1727 2764 post
1757 2674 1826 2742 S.
1858 2676 2168 2757 Petrum,
2198 2674 2270 2742 S.
2299 2674 2654 2763 Ignatium
2685 2679 2975 2762 ponunt,
3012 2673 3256 2745 deinde

820 2777 890 2845 S.
942 2780 1302 2848 Heronem.
1355 2783 1495 2848 Ast
1543 2784 1666 2849 hoc
1711 2805 1753 2848 a
1802 2781 2105 2848 veritate
2151 2781 2452 2848 alienum
2498 2787 2630 2864 est,
2680 2804 2906 2849 omnes
2967 2806 3256 2870 namque

816 2885 1136 2953 historici
1181 2887 1251 2954 S.
1304 2888 1644 2955 Evodinm
1689 2887 2170 2955 Patriarcham
2201 2886 2707 2954 Antiochenum
2737 2889 2951 2955 fuisse
2992 2894 3257 2957 testan-

823 2994 970 3056 tur.
1024 2992 1185 3079 Ipsa
1230 2993 1537 3060 Ecclesia
1582 2993 1887 3059 Romana
1936 2993 2189 3059 honore
2234 3015 2386 3057 eum
2455 2993 2898 3081 prosequitur
2938 3045 2952 3077 ,
3002 2999 3261 3063 festum

818 3095 967 3162 eius
1012 3118 1222 3184 agens
1270 3099 1378 3166 die
1426 3101 1467 3165 6
1514 3099 1682 3166 Maii
1728 3100 1858 3164 sub
1918 3097 2135 3165 titulo
2204 3097 2522 3186 Episcopi
2588 3099 3028 3167 Antiocheni.
3103 3102 3263 3169 Alii

817 3201 1086 3289 pariter
1132 3203 1397 3287 dicunt,
1449 3205 1616 3271 duos
1661 3206 1889 3272 eodem
1936 3209 2238 3292 tempore
2284 3205 2750 3274 Antiochenos
2811 3208 3264 3277 Patriarchas

817 3309 1137 3375 extitisse
1182 3309 1253 3376 S.
1308 3310 1644 3377 Evodium
1691 3310 1956 3377 scilicet
2004 3315 2076 3376 et
2122 3310 2191 3377 S.
2244 3311 2623 3398 Ignatium3
2675 3312 3013 3380 Evodium
3057 3337 3100 3381 a
3130 3315 3261 3380 Pe-

818 3421 956 3498 tr0,
1006 3418 1360 3504 Ignatium
1407 3441 1449 3484 a
1495 3418 1712 3484 Paulo
1758 3417 2072 3484 electum.
2125 3418 2267 3483 Ast
2311 3439 2538 3483 omnes
2583 3418 2767 3485 docti
2808 3420 3256 3505 conveniunt,

816 3521 994 3610 quod
1039 3523 1197 3589 dum
1245 3522 1527 3589 Romam
1573 3527 1849 3591 euntem
1894 3524 2180 3588 Petrum
2226 3521 2549 3609 Ignatius
2595 3523 2802 3606 vidit,
2882 3524 3262 3592 Antioche·

815 3651 973 3696 nam
1019 3629 1389 3698 Ecclesiam
1438 3654 1571 3697 non
1620 3633 1926 3718 regebat,
1977 3630 2096 3697 sed
2141 3632 2264 3697 hoc
2309 3629 2600 3697 officium
2646 3630 2715 3699 S.
2768 3633 3029 3700 Evodio
3089 3633 3264 3701 reli-

815 3735 972 3822 quit
1002 3740 1086 3801 ut
1133 3735 1204 3803 S.
1253 3738 1461 3804 Petro
1508 3736 1626 3825 qui
1674 3759 1828 3804 eum
1874 3737 2206 3823 elegerat,
2259 3737 2718 3804 reverentiam
2766 3739 3145 3818 exhiberet,
3181 3746 3265 3807 et

811 3842 1034 3908 solum
1080 3865 1257 3909 anno
1305 3844 1388 3911 71
1435 3843 1707 3910 Christi
1753 3847 1910 3931 post
1955 3841 2024 3908 S.
2079 3842 2330 3910 Evodii
2377 3846 2687 3925 mortem,
2740 3843 2853 3910 illi
2909 3844 3268 3912 Ecclesiae

820 3947 1153 4034 praefuit.

951 4054 1091 4122 ΙΙΙ.
1143 4056 1340 4122 Patr.
1393 4055 1537 4122 fuit
1581 4056 1648 4129 8.
1699 4055 2000 4149 Ignatius
2049 4055 2331 4142 Martyr
2362 4053 2481 4143 qui
2514 4054 2695 4121 sedit
2724 4077 2834 4121 an.
2874 4056 2958 4122 39
2981 4054 3095 4121 vel
3129 4056 3252 4141 32,

811 4163 938 4224 aut
982 4161 1031 4228 4
1092 4160 1293 4227 iuxta
1339 4160 1574 4227 varias
1621 4161 1953 4227 lectiones
1998 4165 2070 4226 et
2117 4159 2351 4227 varias
2418 4164 2776 4226 auctorum
2837 4160 3188 4248 opiniones
3227 4212 3248 4247 ,

817 4266 1072 4335 Romae
1118 4291 1235 4334 an.
1288 4269 1416 4335 110
1462 4268 1627 4336 Chr.
1678 4267 2023 4356 martyrio
2071 4273 2437 4334 coronatus
2483 4275 2614 4334 est.

947 4378 1077 4446 IV.
1126 4378 1326 4445 Patr.
1356 4379 1422 4452 S.
1476 4377 1688 4452 Heron
1718 4375 1902 4443 sedit
1947 4397 2060 4442 an.
2135 4375 2247 4457 21,
2300 4372 2412 4441 vel
2458 4374 2569 4456 20,
2598 4379 2875 4464 martyr
2942 4375 3274 4445 occubuit

816 4507 932 4551 an.
983 4485 1140 4551 131.

959 4608 1031 4679 (1)
1069 4611 1184 4662 Hoc
1221 4623 1355 4674 opus
1391 4608 1610 4674 Iosephi
1646 4606 1941 4659 Assemani
1976 4609 2136 4657 extat
2173 4606 2236 4657 ln
2272 4605 2546 4658 Biblioth.
2584 4608 2716 4662 Vnt.
2757 4608 2883 4663 Ood.
2923 4609 3049 4662 421.
