3525 5454
1318 469 1391 483 ...
1424 445 1492 498 21
1529 465 1603 482 ..-

342 543 613 616 LVIII.
660 547 859 614 Patr.
913 543 1262 641 Gregorius
1308 544 1629 632 Girigius
1675 542 1891 610 etiam
1936 541 2192 625 dictus,
2227 539 2647 609 haereticus.

205 653 415 722 Sedit
467 657 561 723 10
605 679 715 723 an.
752 656 892 723 vel.
947 657 988 722 6
1032 659 1162 722 aut
1206 655 1321 734 20,
1370 657 1444 719 et
1487 675 1598 720 an.
1654 653 1788 719 629
1834 650 2034 718 obiit.

342 760 555 828 LIX.
604 761 803 828 Patr.
856 760 1041 828 alius
1086 759 1504 848 Anastasius,
1538 757 1659 848 qui
1690 758 1905 826 etiam
1933 756 2371 825 Athanasius
2401 755 2661 823 diceba-

209 869 366 933 tur.
416 866 626 936 Sedit
669 890 780 934 an.
834 868 944 948 11,
993 866 1168 933 obiit
1213 889 1325 933 an.
1377 865 1531 933 640.

340 973 507 1040 LX.
561 974 763 1042 Patr.
810 970 1224 1048 Haemonius
1270 972 1456 1039 sedit
1502 971 1585 1037 31
1633 994 1748 1038 an.
1801 970 1917 1039 vel
1962 972 2031 1054 6,
2080 968 2256 1036 obiit
2314 990 2428 1034 an.
2504 967 2665 1034 671.

340 1078 555 1147 LXI.
601 1078 800 1146 Patr.
851 1078 1182 1154 Macarius
1223 1077 1616 1157 haereticus
1646 1076 1770 1166 qui
1801 1098 2008 1142 unam
2052 1078 2328 1141 tantum
2357 1073 2433 1140 in
2463 1071 2666 1141 Chri-

210 1191 325 1253 sto
372 1185 824 1269 voluntatem
866 1187 1350 1273 profitebatur.
1403 1183 1603 1251 Sedit
1650 1184 1736 1250 10
1779 1205 1895 1250 an.
1945 1182 2062 1250 vel
2092 1185 2161 1249 8.
2197 1182 2399 1249 iuxta
2459 1179 2661 1247 alioS.

209 1290 489 1361 Contra
533 1293 782 1381 ipsum,
831 1291 1213 1361 Concilium
1257 1295 1529 1359 sextum
1593 1288 2440 1377 Constantinopolitanum
2494 1282 2684 1353 cele?

214 1397 508 1464 bratum
552 1398 721 1481 fuit,
756 1397 831 1464 in
861 1419 992 1487 quo
1024 1396 1376 1486 depositus
1419 1400 1552 1479 est,
1603 1401 1677 1462 et
1719 1396 2006 1462 Romam
2037 1395 2204 1462 exul
2232 1394 2505 1460 missus.
2539 1390 2667 1460 Vi-

210 1502 326 1570 xit
370 1503 453 1570 in
500 1502 713 1571 exilio
759 1524 973 1592 usque
1017 1504 1106 1571 ad
1149 1526 1265 1571 an.
1316 1504 1447 1570 685
1491 1502 1567 1569 in
1611 1525 1771 1592 quo,
1821 1500 2440 1570 excommunicatus
2486 1519 2665 1565 mor-

216 1613 389 1676 tuus
437 1613 577 1677 est.

347 1713 597 1784 LXII·
645 1716 841 1784 Patr
893 1717 1318 1808 Theophanes
1363 1717 1734 1805 Theophan
1812 1715 2063 1798 dictus,
2113 1715 2296 1783 sedit
2352 1715 2423 1797 4,
2473 1711 2590 1781 vel
2629 1713 2672 1779 5

216 1839 363 1905 an„
416 1825 499 1887 et
542 1821 716 1888 obiit
759 1844 876 1889 an.
939 1824 1093 1891 685.
1153 1822 1574 1890 Anastasius
1617 1821 1993 1890 historicus
2056 1826 2351 1905 narrat,
2400 1823 2671 1887 mortuo

219 1926 668 2016 Theophane,
725 1951 770 1996 a
811 1931 1008 1997 Rom.
1083 1900 1286 1998 Pont.
1362 1931 1653 2011 Conone,
1702 1927 2119 1996 Antiochiae
2187 1927 2672 1995 Patriarcham

213 2034 439 2103 fuisse
487 2035 781 2103 electum
826 2035 1358 2105 Constantinum
1403 2036 1879 2125 Syracusanae
1909 2034 2258 2103 Ecclesiae
2289 2034 2668 2101 Diaconum

220 2161 427 2227 quem
472 2141 921 2225 Antiocheni,
970 2142 1166 2209 iussu
1209 2141 1471 2211 Iustini
1514 2140 1969 2230 Imperatoris
2016 2142 2504 2229 deposuerunt,
2553 2138 2670 2204 in-

222 2245 520 2334 dignum
564 2270 719 2316 eum
762 2249 1209 2337 suspicantes.
1260 2249 1368 2315 At
1411 2249 1526 2317 hic
1568 2249 1944 2317 historicus
1974 2247 2283 2330 fallitur,
2330 2245 2493 2334 quia
2523 2245 2664 2312 iste

224 2355 577 2423 Diaconus
624 2356 1140 2439 Constantinus,
1190 2362 1347 2423 erat
1390 2356 1465 2424 S.
1514 2357 1808 2424 Ioannes
1854 2354 2269 2437 Sirimensis,
2318 2358 2403 2419 ut
2449 2374 2534 2419 ex
2580 2350 2668 2418 il·

229 2459 463 2528 lorum
508 2466 890 2550 temporum
921 2462 1239 2530 historiis
1263 2467 1557 2530 constat.
1597 2462 1814 2529 Illum
1873 2466 2108 2529 autem
2137 2459 2673 2529 Constantinum

227 2568 539 2652 vocavit,
588 2568 754 2657 quia
810 2568 1410 2658 Constantinopoli
1431 2569 1684 2637 studiis
1714 2575 2118 2650 vacaverat,
2145 2571 2231 2633 ut
2275 2567 2351 2631 in
2393 2565 2543 2631 eius
2564 2563 2682 2659 hi·-

226 2673 452 2742 storia
474 2674 748 2764 syriace
770 2678 1061 2744 exarata
1083 2674 1373 2763 legitur,
1401 2675 1475 2742 in
1507 2674 1797 2766 quodam
1830 2673 2007 2742 libro
2040 2671 2386 2742 Ecclesiae
2409 2672 2494 2740 B.
2512 2669 2673 2740 Vir-

225 2782 418 2868 ginis
463 2782 909 2851 Cathedralis
952 2783 1293 2866 Damasci,
1343 2789 1429 2849 ut
1474 2783 1684 2850 etiam
1738 2784 2073 2850 memorat
2126 2780 2214 2846 P.
2263 2775 2676 2845 Franciscus

227 2887 698 2970 Quaresenius
728 2889 804 2955 in
834 2893 1373 2957 terrae'sanctae
1403 2887 1702 2955 historia
1756 2908 1961 2975 quam
1992 2883 2212 2952 edidit
2243 2905 2421 2950 anno
2471 2881 2672 2962 1634,

229 2993 400 3061 licet
445 2994 657 3089 etiam
703 2995 846 3085 ipse
890 2996 1241 3064 erraverit
1283 2995 1659 3064 Diaconum
1707 2996 2217 3084 Syracusanum
2272 2989 2630 3079 appellans
2652 3039 2669 3073 ‚

229 3097 629 3167 Sirimensis
672 3101 955 3168 verbum
998 3101 1074 3167 in
1117 3102 1627 3192 Syracusanum
1673 3103 1979 3169 vertens,

362 3206 514 3275 Hoc
587 3206 803 3297 posito
828 3258 844 3291 ,
894 3208 1037 3295 ipse
1084 3212 1190 3275 est
1235 3208 1525 3275 Ioannes
1571 3207 1792 3289 Maro,
1841 3206 2105 3294 primus
2163 3202 2675 3271 Maronitarum

229 3313 678 3381 Patriarcha.
725 3314 824 3381 Et
868 3316 992 3381 hoc
1036 3314 1396 3383 evidenter
1425 3316 1740 3401 apparet,
1777 3312 1995 3400 primo
2027 3311 2193 3400 quia
2223 3309 2450 3378 eodem
2492 3328 2673 3373 anno

232 3444 365 3511 quo
413 3421 812 3504 historicae,
862 3420 1394 3489 Constantinum
1439 3419 1922 3487 Patriarcham
1969 3416 2184 3485 fuisse
2229 3419 2385 3506 post
2453 3413 2670 3481 Theo·

236 3526 526 3614 phanem
570 3525 766 3609 dicit,
816 3527 1044 3594 eodem
1081 3577 1097 3609 ‚
1146 3527 1330 3595 idest
1375 3549 1552 3595 anno
1621 3528 1753 3596 685
1793 3577 1809 3610 ,
1871 3529 1956 3593 ut
2014 3524 2214 3592 Patr.
2284 3520 2678 3610 Stephanus

236 3636 572 3705 Dovaichi
637 3639 947 3703 testatur
978 3686 994 3719 ,
1064 3636 1377 3716 Ioannes,
1406 3635 1599 3702 Maro
1673 3631 2070 3702 Sirimensis
2106 3632 2195 3697 ad
2248 3629 2487 3696 Sedem
2546 3627 2675 3694 Pa-

232 3744 683 3812 triarchalem
726 3747 1006 3812 evectus
1036 3743 1202 3827 fuit5
1240 3743 1531 3810 secundo
1561 3743 1728 3831 quia
1758 3742 1938 3810 idem
1966 3739 2328 3821 Pontifex,
2365 3737 2486 3826 qui
2516 3738 2675 3825 post

233 3852 736 3941 Theophanem,
785 3850 1318 3919 Constantinum
1347 3849 1831 3916 Patriarcham
1862 3847 2198 3935 elegerat,
2237 3842 2313 3911 S.
2346 3843 2671 3910 Ioannem

232 3957 581 4026 Maronem
626 3957 836 4024 etiam
882 3956 1125 4044 elegit,
1175 3961 1260 4024 ut
1291 3960 1566 4024 constat
1597 3977 1683 4022 ex
1712 3955 1862 4022 eius
1892 3952 2217 4036 historia3
2254 3949 2471 4017 tertio
2502 3948 2670 4037 quia

232 4066 459 4133 omnia
503 4064 955 4134 Constantino
1001 4085 1336 4145 concessa,
1386 4062 1598 4129 etiam
1642 4061 1715 4130 S.
1768 4061 2016 4129 Ioanni
2083 4057 2353 4126 Maroni
2397 4079 2439 4124 a
2483 4055 2660 4123 Pon-

235 4174 424 4241 tifice
481 4177 648 4240 sunt
710 4173 1012 4239 tributa.
1059 4172 1236 4239 Nam
1280 4171 1627 4253 Pontifex,
1663 4169 2200 4238 Constantinum
2229 4168 2514 4234 Romam
2561 4187 2672 4232 ac-

236 4279 543 4362 cersivit,
594 4277 1075 4346 Patriarcham
1121 4276 1516 4360 constituit,
1567 4274 2072 4346 iurisdictionis
2102 4279 2178 4341 et
2208 4271 2669 4341 confirmatio-

236 4384 343 4452 nis
387 4385 681 4474 pallium
723 4388 799 4450 et
840 4382 985 4450 alia
1029 4383 1291 4450 similia
1349 4382 1659 4450 donavit.
1724 4382 1867 4451 Ast
1923 4382 2218 4449 Ioannes
2283 4380 2476 4447 Maro
2538 4379 2677 4447 Ro-

240 4513 435 4574 mam,
486 4490 857 4558 comitante
901 4490 1113 4556 Petro
1142 4490 1560 4579 Presbytero
1592 4487 1952 4557 cardinali
1983 4487 2054 4556 S.
2101 4486 2518 4570 Marcellini,
2555 4507 2670 4554 ve-

240 4596 367 4683 nit,
417 4597 835 4667 Patriarcha
879 4595 1355 4664 Antiochenus
1384 4618 1428 4662 a
1456 4596 1659 4663 Rom.
1690 4596 1899 4663 Pont.
1935 4596 2426 4680 constituitur,
2470 4595 2681 4663 iuris-
