3525 5454
1900 465 1968 476 -
2007 438 2077 489 24
2111 462 2184 475 ..-

829 537 1005 605 tinis
1065 537 1327 626 primus
1392 537 1807 606 Patriarcha
1872 537 2061 620 fuit,
2123 536 2281 604 dum
2327 532 2745 602 Antiochiae
2791 526 3239 617 imperabant
3272 571 3288 604 ,

833 649 1134 733 tempore
1179 643 1375 710 Patr.
1429 643 1701 731 Iosephi
1743 643 2112 731 Algirgigi
2155 642 2567 720 Maronitae,
2618 658 2794 705 anno
2843 634 3035 702 1099.

963 748 1162 818 Sedit
1183 755 1415 816 autem
1439 749 1838 817 Bernartius
1861 751 1948 817 36
1971 773 2087 817 an.
2115 755 2189 817 et
2211 771 2388 816 anno
2424 748 2598 816 1135
2630 749 2946 812 mortuus
2988 746 3122 825 est3
3159 738 3298 806 cui

834 856 1163 925 successit
1206 856 1615 945 Rodulphus
1661 879 1796 923 non
1843 857 2159 923 canonice
2203 854 2511 937 electus,
2561 853 2682 942 qui
2749 874 2902 919 cnm
2942 874 3014 918 se
3061 870 3297 937 supra

831 967 1208 1033 Romanam
1253 963 1473 1032 sedem
1519 963 1857 1031 extollere
1900 964 2280 1045 voluisset,
2330 963 2404 1029 in
2449 960 2721 1050 Synodo
2782 957 3237 1026 Antiocheno.
3270 1002 3290 1035 ,

834 1076 1194 1162 postquam
1243 1070 1530 1137 sedisset
1571 1072 1620 1138 4
1662 1092 1806 1151 an.,
1858 1069 2208 1157 depositus
2251 1068 2417 1136 fuit.
2470 1067 2652 1134 Huic
2697 1064 3022 1134 successit
3077 1063 3291 1130 Eme-

835 1178 1023 1245 ricus
1090 1176 1209 1264 qui
1255 1175 1437 1242 sedit
1482 1176 1568 1241 30
1633 1198 1776 1257 an.,
1827 1176 1948 1263 qui
1991 1181 2308 1243 mortuus
2372 1180 2481 1243 est
2524 1195 2637 1241 an.
2679 1173 2875 1253 1169,
2926 1170 3039 1236 cui
3087 1169 3294 1236 alius

831 1284 1252 1372 Rodulphus
1295 1282 1622 1349 successit
1666 1304 1845 1349 anno
1894 1282 2091 1365 1192,
2141 1287 2499 1371 postquam
2546 1278 2838 1346 sedisset
2865 1277 2954 1345 23
2983 1299 3099 1344 an.
3151 1274 3292 1342 Po-

829 1396 980 1459 stea
1024 1390 1360 1458 Rinarius
1391 1413 1501 1457 an.
1554 1390 1668 1457 20.
1717 1389 1924 1473 sedit,
1975 1390 2216 1459 deinde
2249 1390 2472 1469 Elias,
2508 1389 2703 1456 cuius
2734 1392 3038 1474 tempore
3069 1384 3316 1453 Sara-f

829 1499 976 1566 ceni
1020 1497 1468 1565 Antiochiam
1536 1496 1970 1580 invaserunt,
2047 1502 2120 1563 et
2163 1496 2409 1564 Latini
2475 1494 2563 1563 ad
2637 1493 2982 1583 propriam
3050 1492 3291 1559 natio·

834 1625 986 1670 nem
1034 1603 1259 1671 redire
1304 1603 1524 1670 coacti
1569 1610 1757 1670 sunt.
1795 1604 2036 1691 Igitur
2069 1605 2199 1671 150
2229 1609 2503 1670 tantum
2535 1604 2736 1671 annis
2766 1600 3286 1670 Antiochenam

830 1709 1067 1778 Sedem
1129 1710 1376 1777 Latini
1420 1710 1836 1777 habuerunt.
1889 1712 2136 1781 Plures
2189 1711 2568 1779 Antiochia
2614 1709 3100 1792 discesserunt3
3154 1707 3290 1796 qui

834 1820 1072 1882 autem
1130 1816 1370 1903 fugere
1416 1839 1549 1883 non
1616 1822 2021 1904 potuerunt,
2093 1816 2274 1906 apud
2343 1817 2539 1885 Patr.
2606 1815 2981 1883 Simeonem
3048 1812 3287 1879 Maro-

838 1920 1059 1987 nitam
1105 1943 1245 1988 sese
1294 1928 1697 2009 receperunt
1729 1973 1743 2007 ,
1795 1945 1838 1989 a
1883 1946 2014 2011 quo
2059 1924 2349 2011 benigne
2395 1922 2661 2012 excepti
2713 1926 2903 1989 sunt.
2940 1920 3114 1989 Cum
3157 1941 3285 1985 au·

833 2031 978 2093 tem
1008 2028 1155 2109 hoc,
1191 2027 1393 2094 Pont.
1444 2028 1844 2096 Alexandro
1873 2030 2018 2097 III.
2052 2030 2303 2097 fuisset
2335 2030 2660 2113 relatum,
2695 2029 3021 2096 Pontifex
3083 2030 3287 2095 bene·

845 2132 1169 2200 dictionis
1236 2132 1497 2199 bullam
1565 2132 1863 2201 Simeoni
1930 2136 2147 2217 misit,
2219 2158 2356 2223 qua
2400 2158 2552 2202 eum
2596 2136 2794 2202 Patr.
2858 2133 3286 2202 Antiochiae

838 2241 1120 2329 eiusque
1166 2262 1580 2308 successores
1647 2244 2030 2324 confirmat,
2079 2248 2165 2308 ut
2221 2243 2359 2310 iam
2425 2248 2669 2331 egerat
2734 2243 2923 2331 Papa
2989 2241 3286 2329 Sergius

833 2367 985 2412 cum
1030 2346 1100 2414 S.
1154 2347 1408 2414 Ioanne
1455 2346 1734 2414 Marone
1780 2348 1980 2414 Patr.
2030 2349 2474 2416 Antiochiae.

964 2457 1074 2524 Ex
1119 2456 1207 2523 iis
1254 2458 1584 2540 omnibus,
1634 2480 1807 2546 quae
1851 2458 1931 2526 de
1963 2460 2093 2526 hac
2121 2460 2535 2527 successione
2566 2459 3137 2526 Patriarcharum
3167 2456 3280 2524 di-

832 2565 1083 2648 ximuS‚
1100 2566 1460 2632 manifeste
1482 2566 1924 2654 consequitur
1938 2566 2422 2633 Patriarcham
2439 2565 2944 2633 Maronitarum
2962 2569 3277 2647 tantum,

832 2696 1074 2743 verum
1117 2671 1531 2741 Antiochiae
1577 2672 2059 2740 Patriarcham
2102 2694 2272 2755 esse,
2320 2673 2482 2761 quia
2526 2673 2615 2739 ad
2645 2693 2879 2741 veram
2911 2692 3145 2738 eorum
3174 2691 3285 2738 se-

832 2779 1002 2846 riem
1048 2780 1378 2867 pertinet,
1429 2800 1603 2867 quae
1648 2778 2000 2847 descendit
2043 2780 2128 2845 ab
2173 2779 2484 2868 antiquis
2529 2778 2989 2845 PatriarchiS.

966 2883 1113 2950 Hoc
1187 2883 1455 2971 pariter
1529 2884 1886 2951 evidenter
1929 2907 2014 2951 ex
2059 2886 2503 2972 sequentibus
2577 2888 2807 2972 potest
2872 2884 3133 2951 clarius
3176 2906 3292 2950 co-

832 2989 1086 3078 gnosci.
1139 2990 1369 3057 Primo
1415 2990 1595 3056 enim
1642 2990 2146 3057 Maronitarum
2192 2991 2605 3062 Patriarcha
2656 3012 2700 3056 a
2751 2987 2937 3056 Sum.
2990 2990 3292 3057 Pontifi-

834 3119 909 3165 ce
954 3098 1425 3179 confirmatur,
1475 3119 1674 3185 quem
1734 3097 1885 3164 ideo
1953 3096 2264 3163 absolute
2321 3095 2736 3163 Antiochiae
2794 3095 3291 3163 Patriarcham

833 3204 1217 3292 appellant,
1267 3208 1353 3269 ut
1396 3208 1674 3271 constat
1716 3226 1803 3270 ex
1868 3203 2142 3270 litteris
2209 3203 2555 3271 Hadriani
2620 3204 2725 3272 VI
2770 3203 2858 3270 ad
2915 3203 3124 3269 Patr.
3171 3201 3286 3269 Si-

831 3330 1130 3375 meonem
1160 3308 1692 3391 Hadethensem,
1728 3330 1904 3375 anno
1940 3310 2112 3376 1522
2159 3309 2348 3376 datis
2379 3332 2552 3397 quae
2588 3309 2696 3375 ita
2725 3308 3279 3393 inscribunturp,

834 3413 1234 3481 Reverendo
1279 3414 1528 3481 Fratri
1572 3415 1782 3483 Petro
1829 3415 2281 3483 Patriarchae
2325 3415 2592 3484 sedenti
2637 3437 2841 3502 super
2899 3416 3283 3483 Antioche-

832 3542 992 3587 nam
1037 3518 1271 3587 Sedem
1308 3548 1339 3583 n
1375 3544 1460 3588 ex
1504 3520 1799 3609 epistola
1844 3521 2171 3609 Gregorii
2199 3522 2333 3591 XV
2356 3521 2443 3589 ad
2465 3521 2660 3587 Patr.
2698 3510 3019 3587 Ioannem
3064 3520 3283 3588 Held-

833 3648 1110 3694 nensem
1154 3650 1329 3695 anno
1376 3630 1572 3713 1622,
1622 3629 1697 3695 in
1742 3651 1880 3718 qua
1923 3630 2123 3696 dicit:
2181 3656 2211 3690 n
2263 3629 2661 3697 Reverendo
2721 3630 2972 3696 Fratri
3036 3635 3283 3698 nostro

832 3735 1044 3801 Petro
1112 3734 1525 3802 Antiochiae
1592 3737 2046 3803 Patriarchae
2091 3761 2152 3822 »ς
2219 3739 2403 3804 hunc
2454 3757 2706 3803 morem
2766 3736 3089 3803 Urbanus
3132 3736 3284 3804 VII

832 3839 907 3906 in
931 3840 1136 3927 epist.
1168 3841 1253 3907 ad
1277 3841 1748 3929 supradictum
1780 3843 2126 3925 Ioannem,
2164 3843 2548 3924 confirmat,
2583 3866 2760 3910 anno
2787 3843 2961 3909 1626
2984 3842 3274 3931 scripta.

832 3945 999 4013 Etsi
1041 3963 1194 4013 eum
1239 3946 1608 4034 aliquando
1678 3947 2184 4015 Maronitarum
2244 3952 2546 4031 tantum,
2596 3949 2967 4036 aliquando
3021 3948 3277 4017 Antio-

831 4052 1024 4120 chiae
1069 4053 1553 4120 Patriarcham
1599 4076 1720 4141 pro
1768 4053 2137 4121 Maronitis
2182 4054 2558 4143 appellent,
2610 4055 2736 4121 hoc
2765 4053 3036 4120 faciunt
3054 4104 3070 4137 ,
3105 4054 3276 4141 quia

834 4156 1221 4224 Maronitae
1268 4180 1472 4225 unam
1516 4164 1794 4226 tantum
1840 4160 2062 4227 sedem
2109 4160 2528 4242 retinebant,
2579 4164 2653 4227 et
2699 4159 2830 4246 ipsi
2877 4164 3155 4226 tantum
3192 4183 3285 4227 ex

828 4261 1301 4331 Orientalibus
1346 4263 1748 4348 Catholicis,
1779 4266 1974 4333 Rom.
2005 4267 2326 4334 Pontifici
2353 4267 2742 4334 immediate
2764 4272 2930 4334 sunt
2956 4270 3276 4353 subiecti,

830 4375 906 4437 et
935 4372 1194 4458 abipso
1236 4372 1736 4440 iurisdictionis
1783 4373 2076 4461 pallium
2121 4374 2461 4441 obtinent.
3126 4464 3130 4468 “

968 4479 1260 4568 Insuper
1305 4483 1601 4569 quatuor
1647 4484 1925 4547 tantum
1972 4482 2123 4548 veri
2170 4481 2632 4549 Patriarchae
2675 4486 2841 4548 sunt
2900 4481 3287 4568 praepositi

835 4608 879 4653 a
922 4587 1253 4655 Pontifice
1286 4636 1301 4670 ,
1350 4592 1649 4676 quatuor
1694 4586 2294 4655 Patriarchalibus
2338 4587 2665 4655 Romanis
2715 4586 3067 4657 Basilicis.
3136 4589 3284 4656 Ast
