3525 5454
1842 500 1911 512 .-
1945 474 2015 526 42
2053 502 2122 512 -

758 573 905 640 bris
951 572 1116 639 anni
1164 573 1340 639 1814
1381 594 1423 638 a
1454 573 1657 640 Pont.
1709 574 1834 639 Pio
1879 573 2022 641 VII
2070 574 2536 640 confirmatus.
2566 574 2654 640 In
2675 570 2968 639 Domino
3015 571 3227 660 quie-

764 683 875 751 vit
919 682 1029 750 die
1077 683 1159 749 12
1207 681 1375 749 Maii
1422 681 1587 748 anni
1636 682 1809 748 1823
1854 681 1927 747 in
1975 679 2395 748 Monasterio
2441 678 2828 746 Cannubin.
2897 678 3075 745 Eius
3109 676 3218 744 lo·

764 811 917 854 cum
964 787 1293 855 obtinuit.

896 892 1216 961 CXXIV.
1272 893 1471 959 Patr.
1522 894 1779 985 Ioseph·
1810 893 1929 967 VII
1959 890 2268 967 Hebaisci
2313 890 2793 978 Tripolitanae
2838 889 3228 978 Episcopus

765 999 874 1067 die
919 1000 1007 1066 25
1075 999 1248 1066 Maii
1317 998 1482 1065 anni
1552 1000 1747 1065 1823.
1799 999 1934 1066 Hic
1978 1021 2020 1065 a
2067 1000 2268 1065 Pont.
2321 998 2550 1064 Leone
2595 995 2743 1064 XII
2788 995 2897 1062 die
2945 996 2988 1062 3
3035 994 3219 1061 Maii

768 1105 937 1170 anni
985 1104 1182 1186 1824,
1220 1125 1341 1191 per
1372 1110 1886 1191 procuratorem
1916 1105 1994 1171 P.
2034 1103 2375 1172 Basilium
2420 1101 2997 1170 confirmationem
3032 1122 3219 1168 acoe-

762 1210 892 1297 pit.
944 1209 1331 1276 Defunctus
1355 1208 1558 1275 estin
1586 1210 2001 1278 monasterio
2050 1209 2424 1279 El-Diman
2448 1208 2556 1276 die
2581 1209 2669 1276 23
2694 1207 2865 1275 Maii
2886 1229 2999 1275 an.
3036 1209 3216 1275 1845

767 1316 1168 1383 succedente

895 1421 1175 1489 CXXV.
1229 1422 1427 1489 Patr.
1463 1423 1737 1514 Iosopho
1762 1423 1911 1497 VIII
1940 1425 2238 1490 Alcasen
2266 1421 2583 1489 Damasci
2613 1420 2946 1510 Episcopo
2979 1418 3093 1485 die
3129 1420 3221 1487 18

763 1528 1079 1615 Augusti
1150 1528 1316 1593 anni
1365 1528 1559 1595 1845.
1613 1530 1746 1595 Hic
1792 1553 1834 1597 a
1880 1530 2215 1618 Gregorio
2261 1529 2434 1597 XVI
2503 1550 2623 1616 per
2700 1531 3225 1616 procuratorem

761 1638 1097 1705 Domuum
1144 1633 1503 1702 Nicolaum
1552 1636 1800 1703 Murad
1845 1638 2390 1703 Aramunensem
2435 1634 2546 1701 die
2602 1635 2684 1701 19
2725 1632 3041 1700 Ianuarii
3089 1655 3219 1698 an-

765 1742 842 1807 ni
889 1743 1067 1808 1846
1136 1740 1607 1808 confirmatur.
1688 1743 1880 1809 Obiit
1926 1744 2035 1810 die
2083 1745 2125 1810 3
2170 1742 2578 1811 Novembris
2651 1741 2817 1808 anni
2888 1742 3064 1808 1854
3141 1740 3225 1806 in

765 1848 1179 1916 monasterio
1226 1848 1596 1931 Addiman,
1649 1856 1722 1915 et
1768 1850 1839 1915 in
1887 1850 2201 1917 coenobio
2247 1849 2608 1917 Cannubin
2669 1848 2985 1937 sepultus
3041 1845 3221 1913 fuit.

898 1953 1214 2024 CXXVI.
1270 1957 1464 2022 Patr.
1516 1955 1754 2028 Paulus
1802 1955 2067 2029 Massad
2112 1955 2308 2029 Tarsi
2385 1956 2788 2043 Episcopu3‚
2838 1954 3226 2021 Antioche-

760 2085 920 2130 nam
965 2064 1189 2130 sedem
1234 2063 1546 2130 ascendit
1592 2063 1698 2129 die
1750 2064 1833 2130 12
1881 2063 2287 2130 Novembris
2331 2062 2498 2128 anni
2547 2063 2741 2129 1854.
2780 2061 2914 2127 Hic
2944 2083 2987 2127 a
3016 2060 3227 2127 Sum-

770 2193 876 2237 mo
924 2172 1125 2237 Pont.
1178 2169 1301 2236 Pio
1349 2169 1457 2238 IX
1501 2169 1609 2235 die
1641 2171 1728 2236 23
1775 2169 2021 2235 Martii
2071 2170 2244 2236 1855
2289 2191 2411 2257 per
2457 2172 2966 2256 procuratorem
3010 2189 3226 2233 suum

766 2276 846 2342 P.
897 2276 1339 2341 Ambrosium
1385 2274 1643 2341 Notain
1689 2275 2003 2341 Darauni
2052 2276 2456 2343 Monachum
2500 2274 2946 2341 Libanensem
2999 2274 3229 2362 Alep-

767 2382 1029 2469 pinum,
1074 2383 1166 2469 (1)
1216 2381 1792 2448 confirmationem
1831 2381 2115 2469 accepit.
2145 2382 2279 2448 Hic
2325 2387 2435 2448 est
2465 2381 2763 2447 actualis
2795 2381 3224 2448 Patriarcha

777 2490 1277 2557 Antiochenus.
1329 2490 1515 2557 Deus
1559 2512 1712 2556 eum
1759 2488 1847 2555 ad
1891 2488 2148 2555 multos
2194 2510 2408 2554 annos
2453 2492 2831 2555 conservet.

910 2683 989 2761 (1)
1028 2687 1355 2739 Ambrosius
1392 2688 1883 2740 Notain-Darauni
1921 2687 2009 2740 die
2048 2687 2080 2738 3
2120 2687 2340 2753 Aprilis
2378 2689 2516 2741 anni
2557 2688 2716 2754 1828,
2759 2703 2824 2741 ex
2865 2689 2978 2754 piis
3015 2688 3225 2740 hones-

769 2775 955 2842 tisque
993 2777 1326 2840 parentibus
1365 2778 1612 2828 Darauni
1651 2780 1819 2827 natus
1857 2781 1963 2841 est,
1997 2777 2057 2827 in
2083 2777 2282 2828 timore
2310 2777 2533 2829 Domini
2558 2777 2628 2827 ab
2659 2778 2782 2841 ipsa
2809 2776 3055 2828 infautia
3082 2776 3222 2828 edu-

767 2870 930 2917 catus
967 2867 1099 2917 fuit.
1141 2864 1276 2917 Cum
1332 2864 1606 2916 sexdecim
1653 2880 1828 2916 annos
1882 2866 2201 2930 attigisset,
2246 2867 2307 2916 iu
2345 2866 2683 2918 Monasterio
2732 2866 2791 2917 S.
2832 2866 2996 2917 Eliae
3039 2878 3216 2929 prope

767 2953 1125 3018 Behphaiam‚
1151 2955 1513 3004 monasticam
1540 2953 1721 3005 vitam
1747 2954 2097 3017 amplexatus
2118 2962 2227 3005 est.
2250 2956 2357 3008 Sex
2382 2953 2547 3005 annis
2569 2955 2629 3006 in
2652 2953 2931 3019 tyrocinio
2953 2953 3220 3035 emensis,

766 3042 1041 3107 vigesimo
1080 3041 1311 3093 secundo
1349 3043 1561 3093 aetatis
1619 3057 1748 3093 suae
1812 3057 1955 3093 anno
1992 3042 2062 3093 ad
2099 3043 2413 3096 Sacerdotii
2450 3043 2791 3108 dignitatem
2829 3045 3054 3094 evectus
3092 3043 3212 3092 est.

769 3134 973 3185 Postea
1012 3146 1155 3182 anno
1196 3132 1328 3182 1851
1373 3133 1615 3196 Romam,
1659 3147 1779 3182 cum
1819 3129 1984 3183 Illxfio
2010 3137 2066 3183 et
2093 3130 2302 3184 Revn'xo
2329 3133 2558 3184 Domino
2595 3132 2825 3185 Nicolao
2866 3130 3080 3194 Murad,
3125 3146 3226 3183 ve·

772 3223 881 3286 nit,
927 3222 1116 3287 ibique
1156 3220 1559 3274 Maronitarum
1598 3222 1840 3285 collegii
1876 3221 2424 3288 admuistrationem,
2466 3228 2524 3274 et
2561 3223 2920 3274 directionem
2946 3223 3221 3288 suscepit.

771 3310 999 3375 Ingenio
1046 3312 1103 3362 et
1156 3311 1361 3362 efficaci
1423 3311 1715 3363 voluntate
1770 3312 1938 3363 huius
1992 3311 2232 3374 collegii
2296 3314 2520 3376 negotia
2573 3311 2987 3376 pertractavit,
3025 3311 3112 3362 ita
3149 3315 3222 3361 ut

773 3414 971 3462 magna
1012 3400 1240 3450 laetitia
1278 3399 1399 3450 eius
1438 3401 1854 3463 incrementum,
1889 3401 1948 3451 in
1975 3402 2379 3453 Maronitarum
2406 3402 2624 3466 bonum,
2665 3401 3048 3466 compleverit.
3078 3402 3223 3455 Cum

771 3487 873 3540 Pio
911 3488 993 3538 IX
1031 3487 1248 3540 Summo
1285 3487 1563 3552 Pontifici,
1605 3486 1726 3539 eius
1766 3489 1983 3540 labores
2008 3489 2440 3553 innotescerent,
2472 3505 2614 3540 anno
2654 3489 2792 3541 1875
2827 3489 3218 3553 Archiepisco·

773 3575 956 3640 palem
994 3576 1221 3628 Adanae
1249 3577 1309 3627 in
1346 3577 1605 3641 partibus
1643 3576 1973 3642 infidelium,
2017 3576 2357 3641 dignitatem
2394 3577 2664 3629 obtinuit.
2707 3578 2934 3628 Interea
2966 3575 3222 3641 Collegii

771 3663 1178 3717 Maronitarum
1214 3664 1760 3716 administrationem
1799 3682 1963 3731 quarn
2000 3680 2183 3716 amore
2209 3671 2267 3718 et
2307 3680 2514 3717 summo
2539 3664 2722 3716 studio
2748 3665 3213 3730 prosequebatur,

772 3754 1037 3805 retinuit.
1057 3752 1314 3817 Tandem,
1331 3755 1575 3804 omnium
1598 3757 1867 3818 notorum,
1885 3757 1942 3806 et
1967 3755 2267 3805 amicorum
2290 3755 2446 3804 luctu
2467 3752 2556 3804 die
2574 3754 2645 3804 28
2666 3754 2866 3806 Martii
2885 3752 3020 3805 anni
3043 3753 3223 3820 1878,

772 3845 1227 3912 quinquagesimo
1263 3844 1474 3895 aetatis
1511 3858 1641 3896 suae
1679 3859 1823 3895 anno
1860 3842 2198 3894 obdormivit
2239 3843 2299 3895 in
2348 3843 2599 3894 Domino.
