3525 5454
1894 473 1966 487 ...
2001 444 2072 499 35
2106 470 2177 485 ..-

956 545 1323 614 LXXIX..
1386 548 1585 614 Patr.
1634 548 1927 622 Issaous.

953 653 1242 722 LXXX.
1370 654 1566 721 Patr.
1618 655 1924 729 Ioannes.

951 761 1281 829 LXXXI.
1364 761 1564 828 Patr.
1617 759 1900 834 Simeon.

949 866 1320 933 LXXXII.
1359 867 1558 933 Patr.
1593 868 1849 959 Ioseph.
1910 866 2294 954 Algirgesi.
2332 866 2478 932 Hoc
2530 870 2873 953 tempore,
2937 863 3273 932 Saraceni

814 975 1071 1042 iterum
1117 975 1495 1042 Antiochia
1517 974 1787 1062 expulsi
1813 974 2278 1041 discesserunt
2306 996 2484 1041 anno
2516 971 2785 1039 Christi
2812 972 3007 1053 1100,
3036 977 3108 1038 et
3133 971 3277 1038 La-

819 1083 955 1150 tini
979 1085 1383 1151 Damascum
1413 1086 1856 1170 occuparunt,
1884 1081 1999 1147 ubi
2019 1080 2277 1168 Regem
2294 1085 2366 1145 et
2379 1079 2862 1146 Patriarcham
2894 1078 3271 1145 constitue-

823 1194 1013 1256 runt.
1034 1190 1238 1256 Patr.
1268 1188 1510 1277 Ioseph
1535 1186 1900 1276 Algirgesi
1934 1186 2005 1253 in
2036 1209 2208 1274 pago
2232 1186 2281 1254 J
2283 1187 2536 1252 anuchi
2557 1187 2978 1268 morabatur,
2997 1191 3073 1251 et
3093 1192 3274 1252 tunc

818 1294 1194 1382 Episcopus
1245 1293 1504 1361 Thoma
1556 1292 2084 1359 Kefartabensis
2141 1292 2465 1380 apparuit
2518 1291 2640 1380 qui
2672 1291 2843 1358 duas
2875 1293 2946 1357 in
2978 1292 3274 1359 Christo

820 1405 1113 1467 naturas
1144 1406 1216 1468 et
1241 1423 1444 1467 unam
1489 1400 1924 1467 voluntatem
1956 1399 2417 1488 praedicabat.
2453 1399 2651 1465 Patr.
2692 1399 2936 1487 Ioseph
2960 1420 3112 1465 eum
3147 1400 3273 1465 da-

821 1509 1115 1588 mnavit,
1135 1514 1209 1575 et
1231 1530 1458 1575 omnes
1482 1508 1850 1596 discipulos
1873 1509 2021 1575 eius
2043 1507 2667 1576 excommunicavit.
2695 1508 2877 1573 Huic
2907 1507 3268 1574 successit.

957 1617 1366 1685 LXXXIII.
1386 1619 1582 1684 Patr.
1604 1618 1838 1690 Peme
1869 1638 2045 1683 anno
2079 1617 2275 1697 1121,
2297 1615 2415 1704 qui
2449 1615 2523 1681 in
2546 1614 2965 1681 Monasterio
2988 1614 3074 1680 B.
3099 1614 3274 1681 Vir-

824 1723 1007 1811 ginis
1039 1723 1310 1788 Maifuk
1343 1723 1417 1788 in
1447 1722 1651 1789 Botri
1703 1723 2080 1811 provincia,
2117 1723 2457 1789 manebat.
2504 1722 2764 1790 Deinde
2810 1722 3074 1790 electus
3121 1721 3277 1788 fuit

957 1829 1351 1897 LXXXIV.
1386 1830 1578 1895 Patr.
1620 1829 1973 1923 Gregorius
2000 1851 2085 1895 ex
2113 1852 2287 1917 pago
2334 1828 2578 1911 Halat,
2628 1852 2806 1897 anno
2855 1831 3032 1897 1130
3083 1829 3276 1897 sedit

830 1937 911 2003 11
961 1959 1071 2003 an.
1125 1940 1361 2022 postea
1393 1935 1651 2003 electus
1681 1936 1825 2001 fuit

959 2042 1318 2111 LXXXV.
1382 2043 1581 2109 Patr.
1630 2044 1900 2116 Iacobus
1946 2065 2029 2109 ex
2075 2041 2355 2126 Ramat,
2399 2066 2574 2131 pago
2615 2045 2688 2110 in
2734 2043 3093 2131 provincia
3134 2046 3271 2111 Bo·

828 2151 951 2218 tri.
1006 2152 1092 2217 In
1139 2173 1300 2239 pace
1346 2156 1661 2218 mortuus
1708 2157 1816 2216 est
1860 2174 1971 2218 an.
2023 2152 2221 2218 1141.
2270 2153 2437 2219 Post
2471 2154 2650 2218 hunc
2695 2153 2838 2220 fuit
2882 2153 3152 2220 electus

960 2256 1360 2324 LXXXVI.
1405 2258 1608 2324 Patr.
1635 2258 1913 2331 Ioannes
1933 2257 2404 2339 Lehfedensis,
2439 2258 2558 2345 qui
2591 2258 2662 2324 in
2697 2260 2768 2327 S.
2805 2258 3005 2325 Eliae
3040 2282 3270 2327 mona-

829 2362 1068 2446 sterio,
1090 2364 1163 2430 in
1181 2386 1353 2452 pago
1378 2364 1642 2431 Lehfed
1665 2364 1933 2431 Bibliae
1959 2365 2281 2453 regionis,
2298 2364 2713 2433 domicilium
2730 2368 3001 2451 habuit,
3025 2369 3272 2436 deinde

829 2470 1169 2538 transivit
1214 2471 1301 2538 ad
1345 2471 1839 2537 Monasterium
1888 2470 2132 2538 Saidat
2176 2470 2387 2537 Habil
2440 2474 2582 2557 (seu
2628 2475 2712 2540 B.
2762 2472 3082 2561 Virginis
3126 2475 3271 2541 vici

831 2577 1069 2664 Habil)
1120 2576 1421 2643 eiusdem
1468 2576 1815 2663 regionis;
1867 2577 2058 2644 aliud
2103 2576 2200 2642 ibi
2246 2576 2633 2644 coenobium
2689 2578 2962 2660 erexit,
3013 2579 3087 2644 in
3133 2601 3271 2667 quo

832 2683 1043 2750 etiam
1092 2681 1465 2751 habitavit.
1502 2682 1646 2750 Hoc
1690 2682 1765 2749 in
1810 2682 1954 2749 loco
2001 2682 2493 2772 Annaphoram
2527 2684 2858 2772 (Missam)
2899 2684 3047 2773 ipse
3095 2708 3269 2752 com-

833 2791 1085 2879 posuit,
1137 2795 1212 2857 et
1257 2790 1658 2858 celebravit.
1709 2790 1891 2856 Huic
1936 2791 2262 2858 successit

961 2897 1402 2965 LXXXVII.
1450 2896 1650 2963 Patr.
1697 2896 1952 2987 Petrus,
1999 2896 2118 2985 qui
2164 2898 2237 2963 in
2283 2899 2509 2965 eodem
2554 2898 2969 2965 monasterio
3014 2897 3275 2965 Saida—

832 3001 1044 3069 Habil
1090 3004 1515 3084 morabatur,
1567 3002 1679 3068 cui
1725 3003 2052 3070 successit
2095 3003 2280 3070 alius

964 3109 1441 3178 LXXXVIII.
1494 3110 1692 3176 Patr.
1745 3109 1999 3200 Petrus,
2049 3110 2290 3178 deinde
2334 3111 2516 3177 alius

965 3216 1363 3283 LXXXIX.
1416 3216 1611 3282 Patr.
1663 3216 1927 3288 Petrus.

965 3324 1111 3391 XC·
1176 3323 1375 3390 Patr·
1410 3323 1475 3396 S.
1515 3321 1874 3397 Hieremias
1919 3324 2327 3391 Alhamciti.
2368 3324 2597 3390 Huius
2651 3324 3102 3393 Patriarchae
3135 3324 3274 3392 ele·

833 3430 971 3497 ctio
994 3430 1068 3496 in
1092 3428 1511 3496 Monasterio
1558 3432 1644 3496 B.
1678 3429 1996 3517 Virginis
2038 3430 2086 3498 J
2090 3429 2339 3496 anuchi
2364 3453 2539 3497 anno
2567 3432 2764 3514 1209,
2810 3432 3066 3498 evenit.
3111 3435 3274 3521 Ipse

835 3533 1030 3601 Rom.
1076 3533 1399 3600 Pontifici
1428 3535 2008 3603 confirmationem
2033 3536 2265 3624 petiit3
2317 3537 2434 3604 sed
2458 3543 2824 3626 antequam
2849 3537 3139 3626 pallium
3169 3562 3274 3605 re·

835 3645 1119 3732 ciperet,
1146 3642 1234 3708 ad
1255 3642 1721 3709 Lateranense
1746 3641 2124 3709 Concilium
2147 3666 2324 3709 anno
2358 3645 2530 3711 1213
2554 3645 2771 3727 venit,
2800 3644 3026 3733 ibique
3052 3667 3276 3733 usquo

833 3749 924 3817 ad
966 3770 1218 3815 annum
1252 3748 1422 3814 1215
1448 3748 1844 3835 permansit.
1882 3750 1982 3816 De
2013 3750 2138 3814 hoc
2167 3749 2578 3817 Patriarcha
2607 3755 2862 3833 fertur,
2898 3751 3077 3841 quod
3108 3751 3278 3819 dum

746 3889 751 3892 -
836 3855 1091 3922 Romae
1119 3859 1322 3936 esset,
1352 3854 1421 3922 S.
1463 3854 1662 3921 Petri
1713 3856 2205 3942 Apostolorum
2266 3856 2607 3944 Principis
2660 3858 3140 3926 confessionem
3175 3861 3279 3927 in-

838 3984 1113 4049 gressus
1138 3965 1270 4043 est,
1298 3965 1382 4027 ut
1400 3960 1497 4027 ibi
1517 3984 1784 4028 sacrum
1809 3967 2089 4047 faceret3
2121 3960 2454 4029 Sacrificii
2485 3968 2789 4051 tempore
2821 3963 3278 4033 Saorosancta

839 4070 1088 4136 Hostia
1113 4091 1323 4157 supra
1359 4069 1506 4134 eius
1529 4071 1736 4156 caput
1768 4090 2115 4155 suspensa,
2138 4073 2438 4156 tempore
2468 4069 2901 4136 Elevationis
2916 4071 3147 4151 stetit,
3193 4070 3280 4138 ad

839 4174 990 4242 eius
1008 4173 1230 4257 fidem,
1250 4179 1323 4242 et
1349 4174 1793 4241 sanctitatem
1812 4173 2309 4241 declarandam.
2347 4175 2682 4243 Praesens
2694 4177 2940 4242 aderat
2956 4176 3144 4263 Papa
3158 4179 3281 4245 In-

838 4281 1198 4348 nocentius
1221 4281 1518 4363 III‚cum
1536 4279 2041 4349 Cardinalibus.
2072 4281 2217 4347 Hoc
2239 4286 2468 4347 autem
2494 4284 2715 4350 refert
2738 4281 3115 4368 Episcopus
3146 4280 3279 4349 Ga-

841 4388 1019 4456 briel
1050 4388 1617 4456 Bar-Achelachi
1661 4387 1734 4453 in
1772 4387 2086 4454 Carmine
2118 4387 2197 4454 de
2222 4387 2546 4455 Conciliis
2569 4388 2697 4471 ita,
2732 4417 2762 4451 a
2797 4388 3078 4470 Romae,
3117 4389 3277 4455 dum

846 4493 1125 4561 Missam
1159 4494 1539 4562 celebraret
1563 4516 1775 4582 supra
1797 4493 1946 4560 eius
1971 4500 2177 4582 caput
2204 4517 2529 4582 suspensa
2554 4495 2803 4562 Hostia
2848 4496 3060 4562 stetit
3106 4497 3279 4564 tem*-

844 4625 1009 4693 pore
1033 4602 1493 4686 Elevationis‚
1546 4602 1704 4668 dum
1751 4601 2098 4683 Pontifex,
2136 4600 2254 4688 qui
2300 4600 2570 4683 aderat,
2621 4601 2693 4666 in
2725 4600 3003 4668 SSmum
3035 4601 3277 4669 Sacra-
