<?xml version="1.0" encoding="UTF-8"?>
<!DOCTYPE html PUBLIC "-//W3C//DTD XHTML 1.0 Transitional//EN"
    "http://www.w3.org/TR/xhtml1/DTD/xhtml1-transitional.dtd">
<html xmlns="http://www.w3.org/1999/xhtml" xml:lang="en" lang="en">
 <head>
  <title>
</title>
<meta http-equiv="Content-Type" content="text/html;charset=utf-8" />
  <meta name='ocr-system' content='tesseract 3.04.00' />
  <meta name='ocr-capabilities' content='ocr_page ocr_carea ocr_par ocr_line ocrx_word'/>
</head>
<body>
  <div class='ocr_page' id='page_1' title='image "./serieschronolog00vatigoog_0044.png"; bbox 0 0 3525 5454; ppageno 0'>
   <div class='ocr_carea' id='block_1_1' title="bbox 702 465 3168 4680">
    <p class='ocr_par' dir='ltr' id='par_1_1' title="bbox 1800 465 2079 515">
     <span class='ocr_line' id='line_1_1' title="bbox 1800 465 2079 515; baseline 0.007 -15"><span class='ocrx_word' id='word_1_1' title='bbox 1800 491 1869 500; x_wconf 83' lang='grc'><strong>-..</strong></span> <span class='ocrx_word' id='word_1_2' title='bbox 1905 465 1975 515; x_wconf 85' lang='lat'><strong>30</strong></span> <span class='ocrx_word' id='word_1_3' title='bbox 2013 492 2079 502; x_wconf 85' lang='grc'><strong>-.</strong></span> 
     </span>
    </p>

    <p class='ocr_par' dir='ltr' id='par_1_2' title="bbox 706 558 3168 1587">
     <span class='ocr_line' id='line_1_2' title="bbox 713 558 3157 653; baseline -0.002 -23"><span class='ocrx_word' id='word_1_4' title='bbox 713 562 1385 652; x_wconf 76' lang='lat' dir='ltr'><strong>Constantinopolim</strong></span> <span class='ocrx_word' id='word_1_5' title='bbox 1460 569 1927 653; x_wconf 87' lang='lat' dir='ltr'><strong>pervenerunt</strong></span> <span class='ocrx_word' id='word_1_6' title='bbox 2001 562 2325 649; x_wconf 88' lang='lat' dir='ltr'><strong>Delegati</strong></span> <span class='ocrx_word' id='word_1_7' title='bbox 2384 559 2743 628; x_wconf 87' lang='lat' dir='ltr'><strong>Pontificis</strong></span> <span class='ocrx_word' id='word_1_8' title='bbox 2818 558 3111 643; x_wconf 81' lang='lat' dir='ltr'><strong>Cononis</strong></span> <span class='ocrx_word' id='word_1_9' title='bbox 3141 609 3157 641; x_wconf 90' lang='lat'><strong>,</strong></span> 
     </span>
     <span class='ocr_line' id='line_1_3' title="bbox 711 665 3164 757; baseline 0 -24"><span class='ocrx_word' id='word_1_10' title='bbox 711 690 882 755; x_wconf 76' lang='lat' dir='ltr'><strong>quos</strong></span> <span class='ocrx_word' id='word_1_11' title='bbox 956 669 1342 757; x_wconf 79' lang='lat' dir='ltr'><strong>Imperator</strong></span> <span class='ocrx_word' id='word_1_12' title='bbox 1411 669 1498 736; x_wconf 91' lang='lat' dir='ltr'><strong>ad</strong></span> <span class='ocrx_word' id='word_1_13' title='bbox 1542 669 1707 737; x_wconf 90' lang='lat' dir='ltr'><strong>illas</strong></span> <span class='ocrx_word' id='word_1_14' title='bbox 1783 670 2063 756; x_wconf 89' lang='lat' dir='ltr'><strong>regulas</strong></span> <span class='ocrx_word' id='word_1_15' title='bbox 2137 666 2632 756; x_wconf 86' lang='lat' dir='ltr'><strong>approbandas,</strong></span> <span class='ocrx_word' id='word_1_16' title='bbox 2698 665 2965 752; x_wconf 88' lang='lat' dir='ltr'><strong>adegit.</strong></span> <span class='ocrx_word' id='word_1_17' title='bbox 3031 665 3164 733; x_wconf 84' lang='lat' dir='ltr'><strong>Eo-</strong></span> 
     </span>
     <span class='ocr_line' id='line_1_4' title="bbox 711 771 3164 864; baseline -0.001 -24"><span class='ocrx_word' id='word_1_18' title='bbox 711 774 860 841; x_wconf 89' lang='lat' dir='ltr'><strong>dem</strong></span> <span class='ocrx_word' id='word_1_19' title='bbox 906 797 1107 859; x_wconf 88' lang='lat' dir='ltr'><strong>anno,</strong></span> <span class='ocrx_word' id='word_1_20' title='bbox 1157 780 1394 843; x_wconf 88' lang='lat' dir='ltr'><strong>sancte</strong></span> <span class='ocrx_word' id='word_1_21' title='bbox 1441 799 1523 843; x_wconf 88' lang='lat' dir='ltr'><strong>ex</strong></span> <span class='ocrx_word' id='word_1_22' title='bbox 1570 777 1699 843; x_wconf 90' lang='lat' dir='ltr'><strong>hac</strong></span> <span class='ocrx_word' id='word_1_23' title='bbox 1745 776 1900 844; x_wconf 85' lang='lat' dir='ltr'><strong>vita</strong></span> <span class='ocrx_word' id='word_1_24' title='bbox 1944 776 2296 864; x_wconf 78' lang='lat' dir='ltr'><strong>migrabat</strong></span> <span class='ocrx_word' id='word_1_25' title='bbox 2353 772 2794 853; x_wconf 88' lang='lat' dir='ltr'><strong>Antiochiae,</strong></span> <span class='ocrx_word' id='word_1_26' title='bbox 2844 771 3164 838; x_wconf 83' lang='lat' dir='ltr'><strong>Patriar-</strong></span> 
     </span>
     <span class='ocr_line' id='line_1_5' title="bbox 710 878 3165 971; baseline 0 -25"><span class='ocrx_word' id='word_1_27' title='bbox 710 882 840 946; x_wconf 89' lang='lat' dir='ltr'><strong>cha</strong></span> <span class='ocrx_word' id='word_1_28' title='bbox 885 882 1362 970; x_wconf 81' lang='lat' dir='ltr'><strong>Theophanes,</strong></span> <span class='ocrx_word' id='word_1_29' title='bbox 1412 883 1590 950; x_wconf 89' lang='lat' dir='ltr'><strong>unde</strong></span> <span class='ocrx_word' id='word_1_30' title='bbox 1639 885 2054 971; x_wconf 77' lang='lat' dir='ltr'><strong>Imperator,</strong></span> <span class='ocrx_word' id='word_1_31' title='bbox 2104 882 2537 949; x_wconf 77' lang='lat' dir='ltr'><strong>Antiocheno</strong></span> <span class='ocrx_word' id='word_1_32' title='bbox 2585 880 2786 948; x_wconf 89' lang='lat' dir='ltr'><strong>Clero</strong></span> <span class='ocrx_word' id='word_1_33' title='bbox 2832 878 3165 967; x_wconf 83' lang='lat' dir='ltr'><strong>epistolas</strong></span> 
     </span>
     <span class='ocr_line' id='line_1_6' title="bbox 710 986 3168 1076; baseline -0 -24"><span class='ocrx_word' id='word_1_34' title='bbox 710 986 928 1071; x_wconf 82' lang='lat' dir='ltr'><strong>misit,</strong></span> <span class='ocrx_word' id='word_1_35' title='bbox 964 986 1050 1053; x_wconf 92' lang='lat' dir='ltr'><strong>ad</strong></span> <span class='ocrx_word' id='word_1_36' title='bbox 1081 1010 1332 1055; x_wconf 81' lang='lat' dir='ltr'><strong>novum</strong></span> <span class='ocrx_word' id='word_1_37' title='bbox 1363 989 1721 1055; x_wconf 82' lang='lat' dir='ltr'><strong>Pastorem</strong></span> <span class='ocrx_word' id='word_1_38' title='bbox 1767 988 2188 1076; x_wconf 90' lang='lat' dir='ltr'><strong>eligendum.</strong></span> <span class='ocrx_word' id='word_1_39' title='bbox 2222 986 2444 1053; x_wconf 86' lang='lat' dir='ltr'><strong>Simul</strong></span> <span class='ocrx_word' id='word_1_40' title='bbox 2491 986 3001 1068; x_wconf 84' lang='lat' dir='ltr'><strong>convenientes,</strong></span> <span class='ocrx_word' id='word_1_41' title='bbox 3036 986 3168 1051; x_wconf 86' lang='lat' dir='ltr'><strong>Pa·</strong></span> 
     </span>
     <span class='ocr_line' id='line_1_7' title="bbox 706 1091 3164 1183; baseline -0 -26"><span class='ocrx_word' id='word_1_42' title='bbox 706 1092 1088 1159; x_wconf 89' lang='lat' dir='ltr'><strong>triarcham</strong></span> <span class='ocrx_word' id='word_1_43' title='bbox 1119 1094 1638 1162; x_wconf 89' lang='lat' dir='ltr'><strong>constituerunt</strong></span> <span class='ocrx_word' id='word_1_44' title='bbox 1667 1094 2074 1183; x_wconf 83' lang='lat' dir='ltr'><strong>Episcopum</strong></span> <span class='ocrx_word' id='word_1_45' title='bbox 2105 1095 2427 1160; x_wconf 88' lang='lat' dir='ltr'><strong>Ioannem</strong></span> <span class='ocrx_word' id='word_1_46' title='bbox 2459 1092 2831 1173; x_wconf 83' lang='lat' dir='ltr'><strong>Maronem,</strong></span> <span class='ocrx_word' id='word_1_47' title='bbox 2861 1091 2984 1180; x_wconf 87' lang='lat' dir='ltr'><strong>qui</strong></span> <span class='ocrx_word' id='word_1_48' title='bbox 3017 1091 3164 1178; x_wconf 84' lang='lat' dir='ltr'><strong>pri-</strong></span> 
     </span>
     <span class='ocr_line' id='line_1_8' title="bbox 712 1197 3163 1290; baseline -0.002 -23"><span class='ocrx_word' id='word_1_49' title='bbox 712 1223 862 1268; x_wconf 89' lang='lat' dir='ltr'><strong>mus</strong></span> <span class='ocrx_word' id='word_1_50' title='bbox 906 1207 1060 1289; x_wconf 90' lang='lat' dir='ltr'><strong>post</strong></span> <span class='ocrx_word' id='word_1_51' title='bbox 1105 1202 1584 1290; x_wconf 83' lang='lat' dir='ltr'><strong>Theophanem</strong></span> <span class='ocrx_word' id='word_1_52' title='bbox 1622 1252 1636 1284; x_wconf 94' lang='lat'><strong>,</strong></span> <span class='ocrx_word' id='word_1_53' title='bbox 1689 1198 2241 1269; x_wconf 86' lang='lat' dir='ltr'><strong>Patriarchalem</strong></span> <span class='ocrx_word' id='word_1_54' title='bbox 2287 1197 2524 1265; x_wconf 83' lang='lat' dir='ltr'><strong>Sedem</strong></span> <span class='ocrx_word' id='word_1_55' title='bbox 2568 1197 2901 1265; x_wconf 87' lang='lat' dir='ltr'><strong>ascendit.</strong></span> <span class='ocrx_word' id='word_1_56' title='bbox 2972 1197 3163 1263; x_wconf 85' lang='lat' dir='ltr'><strong>Haec</strong></span> 
     </span>
     <span class='ocr_line' id='line_1_9' title="bbox 711 1303 3163 1396; baseline -0.002 -22"><span class='ocrx_word' id='word_1_57' title='bbox 711 1307 937 1374; x_wconf 87' lang='lat' dir='ltr'><strong>omnia</strong></span> <span class='ocrx_word' id='word_1_58' title='bbox 983 1309 1109 1374; x_wconf 91' lang='lat' dir='ltr'><strong>sub</strong></span> <span class='ocrx_word' id='word_1_59' title='bbox 1152 1307 1446 1375; x_wconf 87' lang='lat' dir='ltr'><strong>Cononis</strong></span> <span class='ocrx_word' id='word_1_60' title='bbox 1512 1308 1922 1396; x_wconf 87' lang='lat' dir='ltr'><strong>pontificatu</strong></span> <span class='ocrx_word' id='word_1_61' title='bbox 1966 1312 2386 1386; x_wconf 86' lang='lat' dir='ltr'><strong>evenerunt,</strong></span> <span class='ocrx_word' id='word_1_62' title='bbox 2437 1325 2569 1393; x_wconf 88' lang='lat' dir='ltr'><strong>quo</strong></span> <span class='ocrx_word' id='word_1_63' title='bbox 2616 1303 2974 1385; x_wconf 85' lang='lat' dir='ltr'><strong>defuncto,</strong></span> <span class='ocrx_word' id='word_1_64' title='bbox 3022 1303 3163 1370; x_wconf 83' lang='lat' dir='ltr'><strong>Ro-</strong></span> 
     </span>
     <span class='ocr_line' id='line_1_10' title="bbox 709 1409 3164 1501; baseline -0.002 -21"><span class='ocrx_word' id='word_1_65' title='bbox 709 1437 975 1481; x_wconf 87' lang='lat' dir='ltr'><strong>manam</strong></span> <span class='ocrx_word' id='word_1_66' title='bbox 1020 1413 1282 1497; x_wconf 88' lang='lat' dir='ltr'><strong>Sedem,</strong></span> <span class='ocrx_word' id='word_1_67' title='bbox 1335 1419 1485 1482; x_wconf 90' lang='lat' dir='ltr'><strong>toto</strong></span> <span class='ocrx_word' id='word_1_68' title='bbox 1530 1415 1692 1482; x_wconf 88' lang='lat' dir='ltr'><strong>orbe</strong></span> <span class='ocrx_word' id='word_1_69' title='bbox 1737 1414 2133 1501; x_wconf 84' lang='lat' dir='ltr'><strong>plaudente,</strong></span> <span class='ocrx_word' id='word_1_70' title='bbox 2184 1410 2472 1497; x_wconf 86' lang='lat' dir='ltr'><strong>Sergius</strong></span> <span class='ocrx_word' id='word_1_71' title='bbox 2527 1409 3009 1478; x_wconf 88' lang='lat' dir='ltr'><strong>Antiochenus</strong></span> <span class='ocrx_word' id='word_1_72' title='bbox 3054 1411 3164 1477; x_wconf 88' lang='lat' dir='ltr'><strong>ob-</strong></span> 
     </span>
     <span class='ocr_line' id='line_1_11' title="bbox 714 1520 962 1587; baseline 0 -2"><span class='ocrx_word' id='word_1_73' title='bbox 714 1520 962 1587; x_wconf 88' lang='lat' dir='ltr'><strong>tinuit.</strong></span> 
     </span>
    </p>

    <p class='ocr_par' dir='ltr' id='par_1_3' title="bbox 711 1621 3166 2227">
     <span class='ocr_line' id='line_1_12' title="bbox 840 1621 3164 1711; baseline -0.003 -18"><span class='ocrx_word' id='word_1_74' title='bbox 840 1627 1115 1693; x_wconf 87' lang='lat' dir='ltr'><strong>Primus</strong></span> <span class='ocrx_word' id='word_1_75' title='bbox 1160 1626 1369 1693; x_wconf 89' lang='lat' dir='ltr'><strong>huius</strong></span> <span class='ocrx_word' id='word_1_76' title='bbox 1412 1625 1769 1693; x_wconf 85' lang='lat' dir='ltr'><strong>Pontificis</strong></span> <span class='ocrx_word' id='word_1_77' title='bbox 1815 1629 2015 1692; x_wconf 87' lang='lat' dir='ltr'><strong>actus</strong></span> <span class='ocrx_word' id='word_1_78' title='bbox 2058 1622 2243 1706; x_wconf 85' lang='lat' dir='ltr'><strong>fuit,</strong></span> <span class='ocrx_word' id='word_1_79' title='bbox 2293 1625 2640 1711; x_wconf 80' lang='lat' dir='ltr'><strong>Legatum</strong></span> <span class='ocrx_word' id='word_1_80' title='bbox 2685 1621 2760 1687; x_wconf 90' lang='lat' dir='ltr'><strong>in</strong></span> <span class='ocrx_word' id='word_1_81' title='bbox 2805 1621 3164 1689; x_wconf 86' lang='lat' dir='ltr'><strong>Orientem</strong></span> 
     </span>
     <span class='ocr_line' id='line_1_13' title="bbox 711 1728 3166 1814; baseline -0.001 -17"><span class='ocrx_word' id='word_1_82' title='bbox 711 1733 1017 1814; x_wconf 89' lang='lat' dir='ltr'><strong>mittere,</strong></span> <span class='ocrx_word' id='word_1_83' title='bbox 1053 1737 1138 1799; x_wconf 90' lang='lat' dir='ltr'><strong>ut</strong></span> <span class='ocrx_word' id='word_1_84' title='bbox 1183 1732 1347 1798; x_wconf 90' lang='lat' dir='ltr'><strong>illas</strong></span> <span class='ocrx_word' id='word_1_85' title='bbox 1389 1732 1734 1799; x_wconf 73' lang='lat' dir='ltr'><strong>Ecclesiae</strong></span> <span class='ocrx_word' id='word_1_86' title='bbox 1779 1731 1869 1799; x_wconf 89' lang='lat' dir='ltr'><strong>ad</strong></span> <span class='ocrx_word' id='word_1_87' title='bbox 1914 1731 2229 1798; x_wconf 90' lang='lat' dir='ltr'><strong>unionem</strong></span> <span class='ocrx_word' id='word_1_88' title='bbox 2274 1735 2348 1797; x_wconf 91' lang='lat' dir='ltr'><strong>et</strong></span> <span class='ocrx_word' id='word_1_89' title='bbox 2395 1728 2851 1796; x_wconf 87' lang='lat' dir='ltr'><strong>obedientiam</strong></span> <span class='ocrx_word' id='word_1_90' title='bbox 2885 1749 3166 1795; x_wconf 84' lang='lat' dir='ltr'><strong>revoca-</strong></span> 
     </span>
     <span class='ocr_line' id='line_1_14' title="bbox 716 1835 3160 1927; baseline -0.003 -21"><span class='ocrx_word' id='word_1_91' title='bbox 716 1847 852 1906; x_wconf 88' lang='lat' dir='ltr'><strong>ret.</strong></span> <span class='ocrx_word' id='word_1_92' title='bbox 903 1840 1098 1906; x_wconf 86' lang='lat' dir='ltr'><strong>Maro</strong></span> <span class='ocrx_word' id='word_1_93' title='bbox 1159 1840 1402 1906; x_wconf 88' lang='lat' dir='ltr'><strong>statim</strong></span> <span class='ocrx_word' id='word_1_94' title='bbox 1465 1838 1802 1927; x_wconf 83' lang='lat' dir='ltr'><strong>Tripolim</strong></span> <span class='ocrx_word' id='word_1_95' title='bbox 1871 1838 2069 1906; x_wconf 83' lang='lat' dir='ltr'><strong>venit</strong></span> <span class='ocrx_word' id='word_1_96' title='bbox 2098 1887 2114 1920; x_wconf 95' lang='lat'><strong>,</strong></span> <span class='ocrx_word' id='word_1_97' title='bbox 2167 1836 2283 1903; x_wconf 90' lang='lat' dir='ltr'><strong>ubi</strong></span> <span class='ocrx_word' id='word_1_98' title='bbox 2328 1836 2643 1923; x_wconf 88' lang='lat' dir='ltr'><strong>Legatus</strong></span> <span class='ocrx_word' id='word_1_99' title='bbox 2688 1835 3032 1916; x_wconf 85' lang='lat' dir='ltr'><strong>manebat,</strong></span> <span class='ocrx_word' id='word_1_100' title='bbox 3081 1837 3160 1900; x_wconf 89' lang='lat' dir='ltr'><strong>et</strong></span> 
     </span>
     <span class='ocr_line' id='line_1_15' title="bbox 715 1942 3164 2034; baseline -0.003 -22"><span class='ocrx_word' id='word_1_101' title='bbox 715 1945 996 2034; x_wconf 85' lang='lat' dir='ltr'><strong>propria</strong></span> <span class='ocrx_word' id='word_1_102' title='bbox 1040 1945 1434 2027; x_wconf 85' lang='lat' dir='ltr'><strong>voluntate,</strong></span> <span class='ocrx_word' id='word_1_103' title='bbox 1478 1967 1616 2011; x_wconf 88' lang='lat' dir='ltr'><strong>una</strong></span> <span class='ocrx_word' id='word_1_104' title='bbox 1660 1967 1813 2012; x_wconf 92' lang='lat' dir='ltr'><strong>cum</strong></span> <span class='ocrx_word' id='word_1_105' title='bbox 1845 1942 1996 2026; x_wconf 92' lang='lat' dir='ltr'><strong>illo,</strong></span> <span class='ocrx_word' id='word_1_106' title='bbox 2032 1944 2316 2015; x_wconf 84' lang='lat' dir='ltr'><strong>Romam</strong></span> <span class='ocrx_word' id='word_1_107' title='bbox 2355 1942 2705 2031; x_wconf 80' lang='lat' dir='ltr'><strong>profectus</strong></span> <span class='ocrx_word' id='word_1_108' title='bbox 2751 1946 2884 2023; x_wconf 91' lang='lat' dir='ltr'><strong>est,</strong></span> <span class='ocrx_word' id='word_1_109' title='bbox 2932 1945 3018 2006; x_wconf 90' lang='lat' dir='ltr'><strong>ut</strong></span> <span class='ocrx_word' id='word_1_110' title='bbox 3055 1962 3164 2006; x_wconf 87' lang='lat' dir='ltr'><strong>co-</strong></span> 
     </span>
     <span class='ocr_line' id='line_1_16' title="bbox 712 2046 3164 2140; baseline -0.002 -22"><span class='ocrx_word' id='word_1_111' title='bbox 712 2053 1069 2140; x_wconf 88' lang='lat' dir='ltr'><strong>gnoscitur</strong></span> <span class='ocrx_word' id='word_1_112' title='bbox 1100 2074 1186 2118; x_wconf 88' lang='lat' dir='ltr'><strong>ex</strong></span> <span class='ocrx_word' id='word_1_113' title='bbox 1217 2052 1613 2118; x_wconf 89' lang='lat' dir='ltr'><strong>testimonio</strong></span> <span class='ocrx_word' id='word_1_114' title='bbox 1645 2050 1965 2140; x_wconf 84' lang='lat' dir='ltr'><strong>Episcopi</strong></span> <span class='ocrx_word' id='word_1_115' title='bbox 2018 2050 2390 2133; x_wconf 74' lang='lat' dir='ltr'><strong>GabrieliS,</strong></span> <span class='ocrx_word' id='word_1_116' title='bbox 2454 2047 2820 2116; x_wconf 82' lang='lat' dir='ltr'><strong>Alchelchi</strong></span> <span class='ocrx_word' id='word_1_117' title='bbox 2874 2046 3032 2127; x_wconf 84' lang='lat' dir='ltr'><strong>fflii,</strong></span> <span class='ocrx_word' id='word_1_118' title='bbox 3083 2047 3164 2112; x_wconf 89' lang='lat' dir='ltr'><strong>in</strong></span> 
     </span>
     <span class='ocr_line' id='line_1_17' title="bbox 713 2158 1540 2227; baseline -0.005 0"><span class='ocrx_word' id='word_1_119' title='bbox 713 2182 1017 2227; x_wconf 88' lang='lat' dir='ltr'><strong>sermone</strong></span> <span class='ocrx_word' id='word_1_120' title='bbox 1061 2160 1142 2227; x_wconf 94' lang='lat' dir='ltr'><strong>de</strong></span> <span class='ocrx_word' id='word_1_121' title='bbox 1188 2158 1540 2227; x_wconf 75' lang='lat' dir='ltr'><strong>conciliis.</strong></span> 
     </span>
    </p>

    <p class='ocr_par' dir='ltr' id='par_1_4' title="bbox 702 2262 3164 4680">
     <span class='ocr_line' id='line_1_18' title="bbox 843 2262 3162 2352; baseline -0.003 -19"><span class='ocrx_word' id='word_1_122' title='bbox 843 2267 1160 2333; x_wconf 88' lang='lat' dir='ltr'><strong>Summus</strong></span> <span class='ocrx_word' id='word_1_123' title='bbox 1203 2265 1530 2332; x_wconf 85' lang='lat' dir='ltr'><strong>Pontifex</strong></span> <span class='ocrx_word' id='word_1_124' title='bbox 1572 2264 1858 2352; x_wconf 83' lang='lat' dir='ltr'><strong>Sergius</strong></span> <span class='ocrx_word' id='word_1_125' title='bbox 1926 2287 2173 2352; x_wconf 87' lang='lat' dir='ltr'><strong>magna</strong></span> <span class='ocrx_word' id='word_1_126' title='bbox 2226 2264 2510 2331; x_wconf 88' lang='lat' dir='ltr'><strong>laetitia</strong></span> <span class='ocrx_word' id='word_1_127' title='bbox 2568 2262 2909 2329; x_wconf 81' lang='lat' dir='ltr'><strong>concivem</strong></span> <span class='ocrx_word' id='word_1_128' title='bbox 2955 2283 3162 2327; x_wconf 90' lang='lat' dir='ltr'><strong>suum</strong></span> 
     </span>
     <span class='ocr_line' id='line_1_19' title="bbox 714 2368 3163 2460; baseline -0.002 -23"><span class='ocrx_word' id='word_1_129' title='bbox 714 2372 1022 2459; x_wconf 84' lang='lat' dir='ltr'><strong>excepit,</strong></span> <span class='ocrx_word' id='word_1_130' title='bbox 1072 2395 1328 2439; x_wconf 89' lang='lat' dir='ltr'><strong>summo</strong></span> <span class='ocrx_word' id='word_1_131' title='bbox 1399 2374 1654 2440; x_wconf 91' lang='lat' dir='ltr'><strong>honore</strong></span> <span class='ocrx_word' id='word_1_132' title='bbox 1697 2377 1806 2438; x_wconf 87' lang='lat' dir='ltr'><strong>est</strong></span> <span class='ocrx_word' id='word_1_133' title='bbox 1851 2376 2336 2460; x_wconf 86' lang='lat' dir='ltr'><strong>prosequutus,</strong></span> <span class='ocrx_word' id='word_1_134' title='bbox 2386 2370 2666 2458; x_wconf 87' lang='lat' dir='ltr'><strong>eiusque</strong></span> <span class='ocrx_word' id='word_1_135' title='bbox 2734 2368 2809 2435; x_wconf 92' lang='lat' dir='ltr'><strong>in</strong></span> <span class='ocrx_word' id='word_1_136' title='bbox 2854 2368 3163 2454; x_wconf 83' lang='lat' dir='ltr'><strong>gratiam</strong></span> 
     </span>
     <span class='ocr_line' id='line_1_20' title="bbox 714 2475 3155 2566; baseline -0.001 -22"><span class='ocrx_word' id='word_1_137' title='bbox 714 2475 1214 2544; x_wconf 88' lang='lat' dir='ltr'><strong>Consistorium</strong></span> <span class='ocrx_word' id='word_1_138' title='bbox 1259 2479 1506 2566; x_wconf 90' lang='lat' dir='ltr'><strong>coegit.</strong></span> <span class='ocrx_word' id='word_1_139' title='bbox 1559 2477 1803 2545; x_wconf 86' lang='lat' dir='ltr'><strong>Coram</strong></span> <span class='ocrx_word' id='word_1_140' title='bbox 1847 2478 2179 2544; x_wconf 89' lang='lat' dir='ltr'><strong>Pontifice</strong></span> <span class='ocrx_word' id='word_1_141' title='bbox 2247 2482 2320 2543; x_wconf 91' lang='lat' dir='ltr'><strong>et</strong></span> <span class='ocrx_word' id='word_1_142' title='bbox 2378 2475 2762 2545; x_wconf 86' lang='lat' dir='ltr'><strong>venerabili</strong></span> <span class='ocrx_word' id='word_1_143' title='bbox 2811 2496 3155 2560; x_wconf 83' lang='lat' dir='ltr'><strong>consessu,</strong></span> 
     </span>
     <span class='ocr_line' id='line_1_21' title="bbox 713 2579 3158 2670; baseline -0.001 -21"><span class='ocrx_word' id='word_1_144' title='bbox 713 2584 1055 2670; x_wconf 88' lang='lat' dir='ltr'><strong>conceptis</strong></span> <span class='ocrx_word' id='word_1_145' title='bbox 1114 2582 1346 2650; x_wconf 85' lang='lat' dir='ltr'><strong>verbis</strong></span> <span class='ocrx_word' id='word_1_146' title='bbox 1413 2583 1982 2649; x_wconf 89' lang='lat' dir='ltr'><strong>Patriarcharum</strong></span> <span class='ocrx_word' id='word_1_147' title='bbox 2036 2582 2358 2670; x_wconf 77' lang='lat' dir='ltr'><strong>propriiS,</strong></span> <span class='ocrx_word' id='word_1_148' title='bbox 2395 2581 2850 2648; x_wconf 88' lang='lat' dir='ltr'><strong>obedientiam</strong></span> <span class='ocrx_word' id='word_1_149' title='bbox 2895 2584 2971 2646; x_wconf 90' lang='lat' dir='ltr'><strong>et</strong></span> <span class='ocrx_word' id='word_1_150' title='bbox 3017 2579 3158 2646; x_wconf 79' lang='lat' dir='ltr'><strong>Ro-</strong></span> 
     </span>
     <span class='ocr_line' id='line_1_22' title="bbox 711 2685 3163 2770; baseline -0.001 -16"><span class='ocrx_word' id='word_1_151' title='bbox 711 2709 950 2755; x_wconf 87' lang='lat' dir='ltr'><strong>manae</strong></span> <span class='ocrx_word' id='word_1_152' title='bbox 996 2687 1342 2756; x_wconf 89' lang='lat' dir='ltr'><strong>Ecclesiae</strong></span> <span class='ocrx_word' id='word_1_153' title='bbox 1388 2688 1900 2770; x_wconf 88' lang='lat' dir='ltr'><strong>subiectionem,</strong></span> <span class='ocrx_word' id='word_1_154' title='bbox 1951 2687 2240 2755; x_wconf 84' lang='lat' dir='ltr'><strong>iuravit.</strong></span> <span class='ocrx_word' id='word_1_155' title='bbox 2278 2687 2474 2755; x_wconf 84' lang='lat' dir='ltr'><strong>Sedis</strong></span> <span class='ocrx_word' id='word_1_156' title='bbox 2507 2686 2982 2753; x_wconf 87' lang='lat' dir='ltr'><strong>Antiochenae</strong></span> <span class='ocrx_word' id='word_1_157' title='bbox 3027 2685 3163 2753; x_wconf 88' lang='lat' dir='ltr'><strong>Pa-</strong></span> 
     </span>
     <span class='ocr_line' id='line_1_23' title="bbox 712 2793 3164 2881; baseline 0 -22"><span class='ocrx_word' id='word_1_158' title='bbox 712 2795 1025 2860; x_wconf 88' lang='lat' dir='ltr'><strong>triarcha</strong></span> <span class='ocrx_word' id='word_1_159' title='bbox 1070 2794 1513 2861; x_wconf 86' lang='lat' dir='ltr'><strong>confirmatus</strong></span> <span class='ocrx_word' id='word_1_160' title='bbox 1557 2796 1723 2878; x_wconf 87' lang='lat' dir='ltr'><strong>fuit,</strong></span> <span class='ocrx_word' id='word_1_161' title='bbox 1775 2800 1850 2862; x_wconf 89' lang='lat' dir='ltr'><strong>et</strong></span> <span class='ocrx_word' id='word_1_162' title='bbox 1895 2795 2241 2878; x_wconf 88' lang='lat' dir='ltr'><strong>Pallium,</strong></span> <span class='ocrx_word' id='word_1_163' title='bbox 2292 2795 2378 2861; x_wconf 90' lang='lat' dir='ltr'><strong>ad</strong></span> <span class='ocrx_word' id='word_1_164' title='bbox 2424 2816 2807 2881; x_wconf 88' lang='lat' dir='ltr'><strong>supremam</strong></span> <span class='ocrx_word' id='word_1_165' title='bbox 2860 2793 3164 2860; x_wconf 90' lang='lat' dir='ltr'><strong>iurisdi-</strong></span> 
     </span>
     <span class='ocr_line' id='line_1_24' title="bbox 711 2900 3161 2991; baseline -0.002 -21"><span class='ocrx_word' id='word_1_166' title='bbox 711 2904 1002 2970; x_wconf 90' lang='lat' dir='ltr'><strong>ctionem</strong></span> <span class='ocrx_word' id='word_1_167' title='bbox 1048 2902 1564 2991; x_wconf 84' lang='lat' dir='ltr'><strong>significandam</strong></span> <span class='ocrx_word' id='word_1_168' title='bbox 1609 2904 1684 2967; x_wconf 94' lang='lat' dir='ltr'><strong>in</strong></span> <span class='ocrx_word' id='word_1_169' title='bbox 1729 2901 2093 2984; x_wconf 89' lang='lat' dir='ltr'><strong>Ecclesias,</strong></span> <span class='ocrx_word' id='word_1_170' title='bbox 2130 2901 2409 2989; x_wconf 89' lang='lat' dir='ltr'><strong>recepit,</strong></span> <span class='ocrx_word' id='word_1_171' title='bbox 2446 2924 2703 2969; x_wconf 90' lang='lat' dir='ltr'><strong>necnon</strong></span> <span class='ocrx_word' id='word_1_172' title='bbox 2757 2900 3037 2966; x_wconf 87' lang='lat' dir='ltr'><strong>mitram</strong></span> <span class='ocrx_word' id='word_1_173' title='bbox 3082 2904 3161 2967; x_wconf 91' lang='lat' dir='ltr'><strong>et</strong></span> 
     </span>
     <span class='ocr_line' id='line_1_25' title="bbox 708 3006 3156 3096; baseline -0.001 -20"><span class='ocrx_word' id='word_1_174' title='bbox 708 3008 1041 3076; x_wconf 89' lang='lat' dir='ltr'><strong>annulum</strong></span> <span class='ocrx_word' id='word_1_175' title='bbox 1088 3008 1530 3096; x_wconf 86' lang='lat' dir='ltr'><strong>pastoralem,</strong></span> <span class='ocrx_word' id='word_1_176' title='bbox 1581 3029 1732 3073; x_wconf 91' lang='lat' dir='ltr'><strong>cum</strong></span> <span class='ocrx_word' id='word_1_177' title='bbox 1779 3007 2087 3074; x_wconf 90' lang='lat' dir='ltr'><strong>omnibus</strong></span> <span class='ocrx_word' id='word_1_178' title='bbox 2134 3007 2402 3073; x_wconf 87' lang='lat' dir='ltr'><strong>iuribus</strong></span> <span class='ocrx_word' id='word_1_179' title='bbox 2447 3007 2535 3074; x_wconf 88' lang='lat' dir='ltr'><strong>ad</strong></span> <span class='ocrx_word' id='word_1_180' title='bbox 2580 3006 2957 3074; x_wconf 87' lang='lat' dir='ltr'><strong>Ecclesiam</strong></span> <span class='ocrx_word' id='word_1_181' title='bbox 3004 3006 3156 3073; x_wconf 85' lang='lat' dir='ltr'><strong>An-</strong></span> 
     </span>
     <span class='ocr_line' id='line_1_26' title="bbox 710 3114 3157 3203; baseline 0 -22"><span class='ocrx_word' id='word_1_182' title='bbox 710 3116 1093 3183; x_wconf 88' lang='lat' dir='ltr'><strong>tiochenam</strong></span> <span class='ocrx_word' id='word_1_183' title='bbox 1162 3115 1528 3203; x_wconf 87' lang='lat' dir='ltr'><strong>regendam</strong></span> <span class='ocrx_word' id='word_1_184' title='bbox 1568 3164 1583 3196; x_wconf 96' lang='lat'><strong>,</strong></span> <span class='ocrx_word' id='word_1_185' title='bbox 1663 3114 1942 3203; x_wconf 90' lang='lat' dir='ltr'><strong>eiusque</strong></span> <span class='ocrx_word' id='word_1_186' title='bbox 2012 3136 2288 3202; x_wconf 86' lang='lat' dir='ltr'><strong>gregem</strong></span> <span class='ocrx_word' id='word_1_187' title='bbox 2354 3116 2911 3203; x_wconf 90' lang='lat' dir='ltr'><strong>gubernandum,</strong></span> <span class='ocrx_word' id='word_1_188' title='bbox 2975 3137 3157 3202; x_wconf 87' lang='lat' dir='ltr'><strong>quae</strong></span> 
     </span>
     <span class='ocr_line' id='line_1_27' title="bbox 706 3220 3156 3302; baseline -0 -13"><span class='ocrx_word' id='word_1_189' title='bbox 706 3224 1099 3290; x_wconf 89' lang='lat' dir='ltr'><strong>habuerant</strong></span> <span class='ocrx_word' id='word_1_190' title='bbox 1173 3226 1635 3290; x_wconf 87' lang='lat' dir='ltr'><strong>antecessores</strong></span> <span class='ocrx_word' id='word_1_191' title='bbox 1676 3270 1691 3302; x_wconf 94' lang='lat'><strong>,</strong></span> <span class='ocrx_word' id='word_1_192' title='bbox 1774 3243 1922 3287; x_wconf 92' lang='lat' dir='ltr'><strong>cum</strong></span> <span class='ocrx_word' id='word_1_193' title='bbox 1991 3221 2220 3288; x_wconf 88' lang='lat' dir='ltr'><strong>debito</strong></span> <span class='ocrx_word' id='word_1_194' title='bbox 2292 3244 2371 3288; x_wconf 89' lang='lat' dir='ltr'><strong>ea</strong></span> <span class='ocrx_word' id='word_1_195' title='bbox 2443 3221 2940 3289; x_wconf 89' lang='lat' dir='ltr'><strong>successoribus</strong></span> <span class='ocrx_word' id='word_1_196' title='bbox 3003 3220 3156 3288; x_wconf 86' lang='lat' dir='ltr'><strong>suis</strong></span> 
     </span>
     <span class='ocr_line' id='line_1_28' title="bbox 706 3329 3159 3400; baseline -0.002 0"><span class='ocrx_word' id='word_1_197' title='bbox 706 3330 1260 3400; x_wconf 79' lang='lat' dir='ltr'><strong>transmittendi.</strong></span> <span class='ocrx_word' id='word_1_198' title='bbox 1310 3329 1571 3395; x_wconf 89' lang='lat' dir='ltr'><strong>Deinde</strong></span> <span class='ocrx_word' id='word_1_199' title='bbox 1616 3352 1657 3395; x_wconf 92' lang='lat' dir='ltr'><strong>a</strong></span> <span class='ocrx_word' id='word_1_200' title='bbox 1703 3330 2037 3396; x_wconf 89' lang='lat' dir='ltr'><strong>Pontifice</strong></span> <span class='ocrx_word' id='word_1_201' title='bbox 2085 3329 2474 3397; x_wconf 91' lang='lat' dir='ltr'><strong>discedendi</strong></span> <span class='ocrx_word' id='word_1_202' title='bbox 2518 3329 2862 3397; x_wconf 87' lang='lat' dir='ltr'><strong>facultate</strong></span> <span class='ocrx_word' id='word_1_203' title='bbox 2908 3330 3159 3396; x_wconf 84' lang='lat' dir='ltr'><strong>habita</strong></span> 
     </span>
     <span class='ocr_line' id='line_1_29' title="bbox 709 3434 3155 3523; baseline -0.001 -18"><span class='ocrx_word' id='word_1_204' title='bbox 709 3436 1157 3505; x_wconf 87' lang='lat' dir='ltr'><strong>Antiochiam</strong></span> <span class='ocrx_word' id='word_1_205' title='bbox 1202 3435 1445 3502; x_wconf 89' lang='lat' dir='ltr'><strong>rediit.</strong></span> <span class='ocrx_word' id='word_1_206' title='bbox 1494 3434 1665 3502; x_wconf 90' lang='lat' dir='ltr'><strong>Cum</strong></span> <span class='ocrx_word' id='word_1_207' title='bbox 1712 3435 1882 3502; x_wconf 87' lang='lat' dir='ltr'><strong>illuc</strong></span> <span class='ocrx_word' id='word_1_208' title='bbox 1927 3436 2379 3523; x_wconf 85' lang='lat' dir='ltr'><strong>pervenisset,</strong></span> <span class='ocrx_word' id='word_1_209' title='bbox 2437 3436 2684 3502; x_wconf 84' lang='lat' dir='ltr'><strong>statim</strong></span> <span class='ocrx_word' id='word_1_210' title='bbox 2729 3436 2817 3502; x_wconf 92' lang='lat' dir='ltr'><strong>ad</strong></span> <span class='ocrx_word' id='word_1_211' title='bbox 2860 3436 3155 3502; x_wconf 83' lang='lat' dir='ltr'><strong>Macarii</strong></span> 
     </span>
     <span class='ocr_line' id='line_1_30' title="bbox 709 3540 3154 3629; baseline 0.001 -21"><span class='ocrx_word' id='word_1_212' title='bbox 709 3542 1045 3608; x_wconf 88' lang='lat' dir='ltr'><strong>haeresim</strong></span> <span class='ocrx_word' id='word_1_213' title='bbox 1114 3540 1576 3629; x_wconf 85' lang='lat' dir='ltr'><strong>repellendam</strong></span> <span class='ocrx_word' id='word_1_214' title='bbox 1623 3545 1817 3608; x_wconf 89' lang='lat' dir='ltr'><strong>totus</strong></span> <span class='ocrx_word' id='word_1_215' title='bbox 1864 3541 2211 3624; x_wconf 89' lang='lat' dir='ltr'><strong>incubuit,</strong></span> <span class='ocrx_word' id='word_1_216' title='bbox 2270 3566 2496 3609; x_wconf 91' lang='lat' dir='ltr'><strong>omnes</strong></span> <span class='ocrx_word' id='word_1_217' title='bbox 2565 3544 2716 3609; x_wconf 89' lang='lat' dir='ltr'><strong>eius</strong></span> <span class='ocrx_word' id='word_1_218' title='bbox 2771 3547 3154 3610; x_wconf 86' lang='lat' dir='ltr'><strong>sectatores</strong></span> 
     </span>
     <span class='ocr_line' id='line_1_31' title="bbox 706 3647 3150 3736; baseline 0 -21"><span class='ocrx_word' id='word_1_219' title='bbox 706 3648 1003 3736; x_wconf 80' lang='lat' dir='ltr'><strong>expulit,</strong></span> <span class='ocrx_word' id='word_1_220' title='bbox 1040 3649 1114 3714; x_wconf 90' lang='lat' dir='ltr'><strong>in</strong></span> <span class='ocrx_word' id='word_1_221' title='bbox 1144 3649 1306 3715; x_wconf 88' lang='lat' dir='ltr'><strong>Iesu</strong></span> <span class='ocrx_word' id='word_1_222' title='bbox 1351 3647 1633 3714; x_wconf 86' lang='lat' dir='ltr'><strong>Christo</strong></span> <span class='ocrx_word' id='word_1_223' title='bbox 1664 3648 1837 3714; x_wconf 87' lang='lat' dir='ltr'><strong>duas</strong></span> <span class='ocrx_word' id='word_1_224' title='bbox 1866 3652 2159 3714; x_wconf 88' lang='lat' dir='ltr'><strong>naturas</strong></span> <span class='ocrx_word' id='word_1_225' title='bbox 2191 3671 2341 3715; x_wconf 90' lang='lat' dir='ltr'><strong>cum</strong></span> <span class='ocrx_word' id='word_1_226' title='bbox 2372 3672 2514 3715; x_wconf 90' lang='lat' dir='ltr'><strong>una</strong></span> <span class='ocrx_word' id='word_1_227' title='bbox 2542 3650 2907 3717; x_wconf 81' lang='lat' dir='ltr'><strong>voluntate</strong></span> <span class='ocrx_word' id='word_1_228' title='bbox 2940 3652 3150 3716; x_wconf 90' lang='lat' dir='ltr'><strong>confi-</strong></span> 
     </span>
     <span class='ocr_line' id='line_1_32' title="bbox 704 3754 3154 3844; baseline -0.001 -21"><span class='ocrx_word' id='word_1_229' title='bbox 704 3761 959 3824; x_wconf 89' lang='lat' dir='ltr'><strong>tentes.</strong></span> <span class='ocrx_word' id='word_1_230' title='bbox 993 3756 1337 3823; x_wconf 90' lang='lat' dir='ltr'><strong>Iacobitas</strong></span> <span class='ocrx_word' id='word_1_231' title='bbox 1381 3754 1586 3821; x_wconf 90' lang='lat' dir='ltr'><strong>simul</strong></span> <span class='ocrx_word' id='word_1_232' title='bbox 1632 3754 1926 3835; x_wconf 83' lang='lat' dir='ltr'><strong>detexit,</strong></span> <span class='ocrx_word' id='word_1_233' title='bbox 1968 3776 2172 3821; x_wconf 88' lang='lat' dir='ltr'><strong>unam</strong></span> <span class='ocrx_word' id='word_1_234' title='bbox 2202 3760 2472 3822; x_wconf 87' lang='lat' dir='ltr'><strong>tantam</strong></span> <span class='ocrx_word' id='word_1_235' title='bbox 2504 3761 2832 3822; x_wconf 91' lang='lat' dir='ltr'><strong>naturam</strong></span> <span class='ocrx_word' id='word_1_236' title='bbox 2879 3755 3154 3844; x_wconf 86' lang='lat' dir='ltr'><strong>praedi·</strong></span> 
     </span>
     <span class='ocr_line' id='line_1_33' title="bbox 703 3860 3151 3952; baseline -0.002 -20"><span class='ocrx_word' id='word_1_237' title='bbox 703 3871 962 3932; x_wconf 87' lang='lat' dir='ltr'><strong>cantes.</strong></span> <span class='ocrx_word' id='word_1_238' title='bbox 989 3863 1263 3952; x_wconf 89' lang='lat' dir='ltr'><strong>Populi,</strong></span> <span class='ocrx_word' id='word_1_239' title='bbox 1296 3863 1488 3929; x_wconf 91' lang='lat' dir='ltr'><strong>illico</strong></span> <span class='ocrx_word' id='word_1_240' title='bbox 1519 3861 1665 3929; x_wconf 89' lang='lat' dir='ltr'><strong>eius</strong></span> <span class='ocrx_word' id='word_1_241' title='bbox 1697 3860 2048 3928; x_wconf 88' lang='lat' dir='ltr'><strong>doctrinae</strong></span> <span class='ocrx_word' id='word_1_242' title='bbox 2079 3863 2549 3951; x_wconf 86' lang='lat' dir='ltr'><strong>obsequentes,</strong></span> <span class='ocrx_word' id='word_1_243' title='bbox 2576 3863 2941 3929; x_wconf 86' lang='lat' dir='ltr'><strong>humiliter</strong></span> <span class='ocrx_word' id='word_1_244' title='bbox 2972 3862 3151 3928; x_wconf 87' lang='lat' dir='ltr'><strong>duas</strong></span> 
     </span>
     <span class='ocr_line' id='line_1_34' title="bbox 703 3969 3152 4058; baseline -0 -20"><span class='ocrx_word' id='word_1_245' title='bbox 703 3977 995 4038; x_wconf 89' lang='lat' dir='ltr'><strong>naturas</strong></span> <span class='ocrx_word' id='word_1_246' title='bbox 1026 3976 1099 4036; x_wconf 93' lang='lat' dir='ltr'><strong>et</strong></span> <span class='ocrx_word' id='word_1_247' title='bbox 1128 3970 1531 4038; x_wconf 83' lang='lat' dir='ltr'><strong>voluntates</strong></span> <span class='ocrx_word' id='word_1_248' title='bbox 1576 3969 2104 4055; x_wconf 87' lang='lat' dir='ltr'><strong>profitebantur,</strong></span> <span class='ocrx_word' id='word_1_249' title='bbox 2155 3975 2241 4035; x_wconf 89' lang='lat' dir='ltr'><strong>ut</strong></span> <span class='ocrx_word' id='word_1_250' title='bbox 2284 3975 2574 4058; x_wconf 89' lang='lat' dir='ltr'><strong>apparet</strong></span> <span class='ocrx_word' id='word_1_251' title='bbox 2603 3993 2688 4037; x_wconf 86' lang='lat' dir='ltr'><strong>ex</strong></span> <span class='ocrx_word' id='word_1_252' title='bbox 2735 3970 3152 4037; x_wconf 84' lang='lat' dir='ltr'><strong>confessione</strong></span> 
     </span>
     <span class='ocr_line' id='line_1_35' title="bbox 704 4074 3151 4162; baseline -0 -17"><span class='ocrx_word' id='word_1_253' title='bbox 704 4077 1233 4160; x_wconf 88' lang='lat' dir='ltr'><strong>Maronitarum,</strong></span> <span class='ocrx_word' id='word_1_254' title='bbox 1270 4079 1342 4142; x_wconf 94' lang='lat' dir='ltr'><strong>et</strong></span> <span class='ocrx_word' id='word_1_255' title='bbox 1372 4074 1836 4142; x_wconf 85' lang='lat' dir='ltr'><strong>Iacobitarum</strong></span> <span class='ocrx_word' id='word_1_256' title='bbox 1881 4097 2096 4162; x_wconf 89' lang='lat' dir='ltr'><strong>usque</strong></span> <span class='ocrx_word' id='word_1_257' title='bbox 2142 4075 2229 4142; x_wconf 92' lang='lat' dir='ltr'><strong>ad</strong></span> <span class='ocrx_word' id='word_1_258' title='bbox 2260 4082 2569 4144; x_wconf 88' lang='lat' dir='ltr'><strong>nostram</strong></span> <span class='ocrx_word' id='word_1_259' title='bbox 2600 4082 2924 4144; x_wconf 88' lang='lat' dir='ltr'><strong>aetatem.</strong></span> <span class='ocrx_word' id='word_1_260' title='bbox 2977 4077 3151 4145; x_wconf 88' lang='lat' dir='ltr'><strong>Cum</strong></span> 
     </span>
     <span class='ocr_line' id='line_1_36' title="bbox 703 4183 3151 4272; baseline -0.002 -16"><span class='ocrx_word' id='word_1_261' title='bbox 703 4190 868 4256; x_wconf 90' lang='lat' dir='ltr'><strong>haec</strong></span> <span class='ocrx_word' id='word_1_262' title='bbox 913 4184 1515 4272; x_wconf 85' lang='lat' dir='ltr'><strong>Constantinopoli</strong></span> <span class='ocrx_word' id='word_1_263' title='bbox 1559 4183 2127 4270; x_wconf 88' lang='lat' dir='ltr'><strong>divulgarentur,</strong></span> <span class='ocrx_word' id='word_1_264' title='bbox 2176 4183 2459 4250; x_wconf 88' lang='lat' dir='ltr'><strong>moleste</strong></span> <span class='ocrx_word' id='word_1_265' title='bbox 2508 4185 3006 4252; x_wconf 87' lang='lat' dir='ltr'><strong>Monothelitae</strong></span> <span class='ocrx_word' id='word_1_266' title='bbox 3053 4185 3151 4252; x_wconf 83' lang='lat' dir='ltr'><strong>E·</strong></span> 
     </span>
     <span class='ocr_line' id='line_1_37' title="bbox 704 4289 3148 4382; baseline -0.001 -22"><span class='ocrx_word' id='word_1_267' title='bbox 704 4292 960 4382; x_wconf 87' lang='lat' dir='ltr'><strong>piscopi</strong></span> <span class='ocrx_word' id='word_1_268' title='bbox 1007 4291 1367 4374; x_wconf 89' lang='lat' dir='ltr'><strong>tulerunt,</strong></span> <span class='ocrx_word' id='word_1_269' title='bbox 1420 4294 1494 4356; x_wconf 90' lang='lat' dir='ltr'><strong>et</strong></span> <span class='ocrx_word' id='word_1_270' title='bbox 1537 4289 1954 4377; x_wconf 87' lang='lat' dir='ltr'><strong>Imperatori</strong></span> <span class='ocrx_word' id='word_1_271' title='bbox 2001 4296 2375 4356; x_wconf 88' lang='lat' dir='ltr'><strong>suaserunt</strong></span> <span class='ocrx_word' id='word_1_272' title='bbox 2421 4297 2504 4356; x_wconf 88' lang='lat' dir='ltr'><strong>ut</strong></span> <span class='ocrx_word' id='word_1_273' title='bbox 2534 4291 2865 4379; x_wconf 88' lang='lat' dir='ltr'><strong>epistolas</strong></span> <span class='ocrx_word' id='word_1_274' title='bbox 2910 4292 3148 4358; x_wconf 80' lang='lat' dir='ltr'><strong>mitte·</strong></span> 
     </span>
     <span class='ocr_line' id='line_1_38' title="bbox 706 4394 3145 4487; baseline -0 -22"><span class='ocrx_word' id='word_1_275' title='bbox 706 4404 819 4466; x_wconf 91' lang='lat' dir='ltr'><strong>ret</strong></span> <span class='ocrx_word' id='word_1_276' title='bbox 863 4399 1145 4465; x_wconf 82' lang='lat' dir='ltr'><strong>Romam</strong></span> <span class='ocrx_word' id='word_1_277' title='bbox 1191 4400 1414 4487; x_wconf 87' lang='lat' dir='ltr'><strong>Papae</strong></span> <span class='ocrx_word' id='word_1_278' title='bbox 1460 4394 1728 4482; x_wconf 86' lang='lat' dir='ltr'><strong>Sergio,</strong></span> <span class='ocrx_word' id='word_1_279' title='bbox 1760 4399 1835 4461; x_wconf 90' lang='lat' dir='ltr'><strong>et</strong></span> <span class='ocrx_word' id='word_1_280' title='bbox 1878 4396 2123 4462; x_wconf 90' lang='lat' dir='ltr'><strong>Ioanni</strong></span> <span class='ocrx_word' id='word_1_281' title='bbox 2160 4397 2430 4462; x_wconf 87' lang='lat' dir='ltr'><strong>Maroni</strong></span> <span class='ocrx_word' id='word_1_282' title='bbox 2475 4397 2889 4465; x_wconf 78' lang='lat' dir='ltr'><strong>Antiochiae</strong></span> <span class='ocrx_word' id='word_1_283' title='bbox 2943 4398 3145 4466; x_wconf 87' lang='lat' dir='ltr'><strong>Patr.</strong></span> 
     </span>
     <span class='ocr_line' id='line_1_39' title="bbox 702 4501 3139 4594; baseline -0 -21"><span class='ocrx_word' id='word_1_284' title='bbox 702 4505 1148 4574; x_wconf 88' lang='lat' dir='ltr'><strong>adfirmantes</strong></span> <span class='ocrx_word' id='word_1_285' title='bbox 1192 4503 1475 4591; x_wconf 90' lang='lat' dir='ltr'><strong>regulas</strong></span> <span class='ocrx_word' id='word_1_286' title='bbox 1517 4503 1603 4567; x_wconf 88' lang='lat' dir='ltr'><strong>ab</strong></span> <span class='ocrx_word' id='word_1_287' title='bbox 1646 4501 1817 4589; x_wconf 89' lang='lat' dir='ltr'><strong>ipsis</strong></span> <span class='ocrx_word' id='word_1_288' title='bbox 1861 4501 2289 4589; x_wconf 89' lang='lat' dir='ltr'><strong>compositas.</strong></span> <span class='ocrx_word' id='word_1_289' title='bbox 2331 4504 2476 4570; x_wconf 87' lang='lat' dir='ltr'><strong>Hac</strong></span> <span class='ocrx_word' id='word_1_290' title='bbox 2522 4504 2596 4569; x_wconf 91' lang='lat' dir='ltr'><strong>in</strong></span> <span class='ocrx_word' id='word_1_291' title='bbox 2645 4505 2940 4594; x_wconf 90' lang='lat' dir='ltr'><strong>epistola</strong></span> <span class='ocrx_word' id='word_1_292' title='bbox 2984 4527 3139 4593; x_wconf 83' lang='lat' dir='ltr'><strong>per-</strong></span> 
     </span>
     <span class='ocr_line' id='line_1_40' title="bbox 703 4606 2178 4680; baseline -0.004 0"><span class='ocrx_word' id='word_1_293' title='bbox 703 4611 1046 4680; x_wconf 88' lang='lat' dir='ltr'><strong>tinacibus</strong></span> <span class='ocrx_word' id='word_1_294' title='bbox 1075 4609 1361 4679; x_wconf 85' lang='lat' dir='ltr'><strong>exilium</strong></span> <span class='ocrx_word' id='word_1_295' title='bbox 1408 4611 1482 4673; x_wconf 90' lang='lat' dir='ltr'><strong>et</strong></span> <span class='ocrx_word' id='word_1_296' title='bbox 1526 4629 1706 4674; x_wconf 88' lang='lat' dir='ltr'><strong>mors</strong></span> <span class='ocrx_word' id='word_1_297' title='bbox 1752 4606 2178 4674; x_wconf 80' lang='lat' dir='ltr'><strong>minabatur.</strong></span> 
     </span>
    </p>
   </div>
  </div>
 </body>
</html>
