3525 5454
1481 487 1549 498 ...
1587 459 1657 511 29
1693 483 1760 496 -

530 559 901 642 MacariuS,
951 559 1071 650 qui
1117 558 1632 627 definitionibus
1677 563 1752 627 et
1799 558 2412 625 constitutionibus
2457 557 2665 624 huius
2709 555 2837 645 Sy-

386 666 569 735 nodi·
630 665 898 734 obedire
969 665 1243 748 renuit,
1294 664 1914 733 excommunicatus
1958 664 2145 747 fuit,
2189 670 2263 730 et
2307 664 2382 730 in
2426 664 2575 731 eius
2619 663 2837 729 locum

385 772 843 860 Theophanes
875 771 989 839 vir
1026 771 1489 860 incorruptae,
1526 775 1599 838 et
1629 769 1996 838 immobilis
2027 770 2208 851 fidei,
2236 770 2498 837 electus
2527 769 2690 835 fuit.

526 877 731 944 Anno
779 878 932 960 685,
970 876 1263 965 populus
1294 926 1310 959 ,
1368 877 1609 964 ingens
1664 897 1813 943 cum
1848 877 2361 965 ingravesceret
2401 876 2699 944 ciborum
2728 898 2840 964 pe-

382 984 648 1068 nuria,
700 988 774 1049 et
818 982 1094 1051 cholera
1154 984 1362 1050 etiam
1430 984 1734 1051 saeviret
1765 1034 1781 1067 ,
1853 984 1928 1050 in
1996 983 2310 1051 maximis
2372 983 2839 1071 supremisque

387 1089 749 1178 angustiis
811 1091 1247 1158 versabatur.
1313 1091 1444 1157 His
1490 1092 1753 1159 duobus
1796 1090 1999 1158 malis
2054 1090 2268 1159 etiam
2313 1090 2606 1174 milites,
2654 1090 2840 1157 bello

388 1196 735 1284 occupati,
785 1195 1301 1281 afficiebantur3
1351 1196 1578 1264 nostri
1623 1196 1864 1265 Sancti
1909 1198 2099 1265 zelus
2126 1199 2212 1265 ab
2240 1197 2351 1264 his
2393 1197 2691 1265 miseriis
2736 1198 2838 1263 in-

388 1323 659 1386 census,
696 1324 849 1368 eum
879 1300 1101 1391 magis
1131 1303 1568 1375 clarificavit.
1605 1303 1782 1370 Nam
1811 1303 1981 1392 ipse,
2032 1305 2235 1371 urbes
2267 1309 2339 1371 et
2367 1304 2677 1373 Castella
2706 1302 2838 1370 cir-

388 1407 726 1489 cumiens,
748 1428 953 1474 orans
982 1413 1057 1475 et
1088 1409 1442 1476 dexteram
1472 1430 1680 1497 super
1709 1430 1951 1496 aegros
1981 1408 2351 1497 imponens,
2379 1410 2668 1476 sanabat
2696 1430 2830 1475 eos.

386 1515 508 1583 Ex
553 1536 631 1581 eo
663 1519 994 1602 tempore,
1021 1537 1236 1604 usque
1283 1515 1369 1581 ad
1414 1520 1722 1581 nostram
1768 1520 2093 1600 aetatem,
2128 1516 2527 1584 Sacerdotes
2556 1517 2838 1584 Missam

386 1625 745 1692 celebrant
777 1625 861 1691 ab
897 1625 1043 1712 ipso
1074 1624 1509 1712 compositam
1542 1647 1666 1712 pro
1695 1625 1808 1691 his
1838 1626 1959 1713 qui
1989 1627 2114 1692 hoc
2144 1625 2369 1692 morbo
2401 1625 2833 1708 laborabant,

389 1741 473 1802 et
516 1755 641 1822 pro
685 1733 821 1815 his,
871 1734 1120 1823 quibus
1162 1734 1308 1799 suis
1352 1734 1664 1822 precibus
1709 1755 1752 1799 a
1799 1733 1941 1800 Deo
1985 1732 2358 1800 sanitatem
2403 1731 2833 1799 obtinuerat.
2937 1770 2938 1773 =

527 1841 809 1908 Interea
833 1839 1331 1907 Constantinus
1360 1839 1682 1921 moritur,
1712 1838 1824 1905 cui
1853 1838 2292 1905 Iustinianus
2321 1837 2401 1903 II
2431 1837 2579 1903 eius
2637 1835 2830 1903 filius

385 1946 727 2016 sexdecim
761 1968 974 2013 annos
1003 1949 1213 2012 natus
1244 1945 1591 2027 successit,
1628 1944 2143 2032 cognominatus
2166 1944 2418 2031 absque
2448 1965 2638 2025 naso,
2675 1943 2840 2030 quia

384 2058 523 2125 illo
547 2056 928 2123 mutilatus
948 2057 1208 2122 fuerat.
1246 2053 1523 2121 Summa
1553 2052 1836 2140 Imperii
1859 2051 2150 2141 potitus,
2185 2050 2549 2118 debilitate
2572 2048 2838 2116 iuveni-

380 2164 473 2245 li,
490 2161 715 2249 Regni
741 2160 1162 2228 conditiones
1185 2161 1417 2249 potius
1440 2180 1643 2247 quam
1667 2158 2066 2239 restituere,
2094 2156 2523 2224 deturbavit.
2554 2151 2838 2221 Exerci-

380 2277 544 2338 tum
558 2290 848 2358 namque
875 2268 1069 2334 misit
1080 2269 1336 2356 {contra
1357 2268 1679 2335 Ioannem
1703 2266 1954 2332 Libani
1968 2265 2375 2353 Principem,
2405 2263 2479 2329 in
2510 2262 2836 2351 populum

382 2400 430 2444 e
461 2381 701 2444 contra
734 2374 1114 2463 proferenS,
1149 2376 1390 2440 contra
1420 2374 1715 2455 Arabes,
1734 2372 1929 2438 illam
1960 2370 2461 2459 expeditionem
2484 2370 2700 2437 fuisse
2722 2392 2835 2459 pe-

382 2488 679 2550 ractam.
716 2479 1233 2567 Malignitatem
1251 2479 1488 2561 etiam,
1520 2483 1593 2545 et
1615 2478 1970 2566 perfidiam
2015 2476 2357 2561 adhibuit;
2393 2499 2550 2544 nam
2582 2476 2834 2543 exerci-

382 2594 509 2655 tus
524 2589 799 2669 Ducem,
819 2585 1013 2653 donis
1036 2584 1411 2673 splendidis
1433 2585 1750 2667 tributis,
1767 2589 1839 2652 et
1852 2584 2036 2652 datis
2060 2584 2373 2672 epistolis
2398 2584 2838 2673 amplissimis

380 2718 514 2786 pro
559 2694 1066 2763 Maronitarum
1099 2692 1442 2782 Principe,
1484 2697 1743 2760 secreto
1789 2692 2136 2760 instruxit
2167 2743 2181 2775 ,
2224 2696 2308 2759 ut
2345 2714 2495 2759 cum
2516 2691 2837 2781 Principe

382 2802 548 2869 Καὶ)
578 2802 743 2870 Elia
773 2800 961 2867 solus
1007 2799 1540 2888 colloqueretur,
1570 2799 1797 2886 ibique
1828 2822 1979 2866 eum
2003 2799 2455 2865 interficeret.
2487 2798 2834 2865 Exhorta-

377 2907 692 2975 tionibus
729 2911 802 2973 et
825 2905 1130 2971 consiliis
1160 2904 1420 2970 factum
1464 2905 1842 2992 respondit;
1877 2927 2035 2970 nam
2065 2904 2314 2970 infelix
2350 2904 2473 2971 ille
2505 2904 2837 2992 Princeps

376 3013 706 3103 proditus
729 3012 807 3078 in
831 3034 1061 3078 mensa
1086 3010 1235 3099 ipsa
1263 3011 1374 3078 cui
1407 3010 1868 3093 considebant,
1895 3011 2309 3078 interfectus
2344 3009 2616 3076 cecidit.
2655 3009 2833 3076 Tan-

375 3127 465 3186 ta
487 3117 905 3187 crudelitate
946 3117 1332 3184 Maronitae
1361 3117 1778 3199 exacerbati,
1830 3116 2254 3183 unanimiter
2299 3115 2833 3182 insurrexerunt

377 3230 462 3292 et
483 3224 723 3292 statim
750 3224 971 3290 alium
994 3224 1378 3311 Principem
1409 3224 1795 3312 elegerunt,
1823 3223 2220 3306 Simeonem,
2244 3223 2645 3312 interempti
2678 3246 2829 3290 con-

376 3331 775 3415 sobrinum3
827 3329 1078 3397 idcirco
1109 3329 1518 3397 Libaniotae
1548 3329 1888 3418 appellati
1933 3335 2100 3395 sunt
2128 3329 2459 3397 Marediti
2505 3329 2685 3395 idest
2728 3352 2830 3396 re-

376 3437 637 3521 belles„
695 3437 860 3526 quia
903 3439 987 3504 ab
1056 3438 1481 3525 Imperatore
1555 3436 1971 3504 defecerunt.
2046 3437 2156 3504 Ex
2219 3436 2347 3501 hac
2407 3434 2777 3502 rebellione
2806 3486 2822 3518 ‚

376 3565 524 3609 non
568 3542 953 3610 Maronitae
1016 3543 1132 3611 sed
1202 3541 1616 3610 Graecorum
1676 3543 2102 3630 Imperator,
2175 3541 2493 3607 damnum
2560 3540 2822 3629 accepit

382 3655 474 3716 nt
521 3649 900 3717 historicus
962 3647 1309 3717 Cedrenus
1376 3652 1580 3715 notat
1608 3673 1625 3734 ;
1686 3672 1842 3716 nam
1908 3648 2411 3715 Maronitarum
2478 3648 2826 3715 exercitus

377 3758 697 3825 Arabum
730 3759 962 3822 terror
1016 3760 1209 3838 erat,
1260 3777 1303 3822 a
1349 3756 1596 3844 quibus
1644 3755 2018 3844 Imperium
2072 3753 2523 3821 defendebant
2576 3759 2660 3820 ut
2705 3759 2822 3821 te-

376 3867 623 3930 statur
695 3861 1077 3928 historicus
1136 3862 1515 3929 Pictavius.
1594 3861 2015 3951 Insipienter
2074 3861 2162 3928 ad
2213 3862 2338 3928 hoc
2395 3859 2653 3927 bellum
2729 3859 2830 3925 in-

370 3966 758 4049 dicendum,
798 3968 1290 4056 Imperatorem
1322 3969 1760 4034 adduxerunt
1791 3967 2066 4056 quidam
2087 3966 2405 4055 Episcopi
2423 3965 2824 4033 Constanti-

366 4073 609 4162 nopoli
632 4075 1552 4166 commoranteS,{sectatores
1583 4074 1936 4142 doctrinae
1968 4075 2101 4141 iam
2131 4097 2173 4141 a
2194 4073 2494 4142 Concilio
2519 4073 2644 4142 VI.
2669 4097 2824 4161 pro-

368 4179 702 4267 scriptae,
756 4179 845 4247 ad
891 4204 1093 4270 quam
1140 4180 1616 4269 profitendam,
1666 4181 1864 4269 prius
1893 4183 2112 4270 ipsum
2158 4186 2678 4269 pertraxerunt,
2733 4203 2820 4249 ex

371 4308 513 4376 quo
558 4286 819 4353 factum
866 4291 976 4352 est
1002 4336 1020 4371 ,
1071 4292 1157 4352 ut
1201 4287 1439 4355 Patris
1484 4287 1593 4353 sui
1640 4288 2059 4354 sententiam
2114 4291 2355 4353 contra
2407 4286 2594 4368 illos,
2645 4287 2822 4355 dele·

376 4396 518 4474 ret,
569 4393 1093 4459 contradicendo
1139 4392 1589 4459 decisionibus
1634 4391 1946 4459 Concilii.

516 4495 777 4564 Callidi
800 4497 915 4563 illi
940 4498 1256 4587 Episcopi
1280 4503 1481 4564 tanto
1505 4499 1740 4566 favore
1756 4497 2010 4582 adiuti,
2039 4499 2363 4589 quasdam
2383 4497 2600 4564 falsas
2622 4519 2821 4585 regu-

379 4602 495 4671 las
544 4606 1072 4691 composuerunt
1102 4602 1190 4670 ad
1220 4604 1570 4672 haeretica
1616 4605 1938 4693 dogmata
1983 4604 2461 4674 confirmanda.
2526 4605 2821 4672 Interim
