3525 5454
1865 472 1936 481 -
1973 444 2043 495 10
2079 470 2147 482 ..-

779 546 854 608 et
902 547 1068 609 vota
1115 542 1189 609 in
1237 542 1461 610 variis
1505 542 1755 625 causis,
1806 548 1881 610 et
1924 542 2151 610 dubiis
2195 541 2751 611 Christianorum
2814 542 3231 632 praesertim

781 647 1269 730 Orientalium,
1306 649 1592 737 Iosepho
1622 648 1924 715 Simonio
1954 649 2329 715 Assemano
2353 646 3233 735 aSS.cong1-egationibus

782 753 862 821 de
922 755 1124 874 Prop.
1195 754 1391 838 Fide,
1456 762 1529 821 et
1591 756 1661 824 S.
1715 756 1937 823 Officii
1996 755 2261 843 iugiter
2321 755 2657 837 remissis,
2723 776 2898 843 quae
2960 754 3234 843 scripta

784 864 1034 926 extant
1072 860 1147 925 in
1179 859 1507 927 archiviis
1538 861 1928 928 earumdem
1959 861 2593 949 congregationum,
2625 883 2706 928 ea
2737 865 2971 928 autem
3001 860 3235 927 omnia

785 964 861 1031 in
906 989 1119 1033 unum
1166 972 1489 1055 congesta
1534 968 1741 1088 plura
1786 990 2036 1056 magna
2083 967 2434 1036 volumina
2478 967 2872 1034 conficiunt.

914 1072 1384 1140 Grammatica
1407 1071 1453 1140 S
1455 1095 1698 1161 yriaca
1720 1074 2261 1156 absolutissima,
2282 1074 2552 1141 arabice
2574 1074 2888 1160 exposita
2914 1073 3235 1161 notisque

787 1178 1132 1245 vocalibus
1175 1178 1485 1247 animata
1529 1184 1732 1246 extat
1777 1180 1958 1268 apud
2005 1181 2333 1248 haeredes
2364 1201 2450 1247 ex
2480 1179 2791 1246 incendio
2823 1183 3087 1267 erepta.

783 1284 1043 1371 Logica
1087 1284 1361 1352 arabica
1420 1291 1620 1353 extat
1693 1285 1876 1374 apud
1935 1285 2265 1353 haeredes
2310 1307 2396 1352 ex

790 1390 1106 1458 incendio
1153 1396 1418 1479 erepta.

924 1497 1404 1586 Metaphysica
1464 1499 1522 1565 Ι.
1587 1498 1657 1566 S.
1709 1500 2072 1567 Assemani
2131 1500 2399 1567 arabice
2505 1520 2792 1586 quorum
2874 1496 3080 1586 plura
3165 1518 3234 1562 e-

791 1609 1110 1670 exarata.
2508 1602 2886 1691 xemplaria
2941 1624 3124 1669 nunc
3168 1624 3236 1669 e-

930 1711 1307 1798 Theologia
1352 1710 1739 1798 dogmatica
1784 1713 2053 1781 arabice
2083 1717 2398 1783 exarata.
2509 1713 2808 1780 xistunt.

927 1818 1435 1906 Interpretatio
1464 1818 1928 1887 difficiliorum
1955 1843 2275 1909 passuum
2291 1842 2402 1888 ve-

793 1923 970 1990 teris
998 1929 1073 1990 et
1115 1924 1278 1992 novi
1325 1927 1751 1993 Testamenti
1797 1933 1871 1993 et
1914 1927 2306 2016 explicatio,
2348 1952 2379 1987 n

926 2029 1297 2119 Hucusque
1344 2031 1820 2099 documentum
1864 2033 2279 2101 Vaticanum
2293 2081 2309 2098 .

928 2135 1157 2201 Huius
1202 2136 1438 2203 ultimi
1484 2138 1710 2224 operis
1755 2144 1957 2205 extat
1981 2139 2186 2207 codex
2211 2139 2284 2205 in
2316 2139 2499 2207 Bibl.
2539 2136 3074 2204 Patriarchatus
3105 2124 3236 2199 No-

802 2244 991 2308 strae
1033 2242 1383 2311 NationiS.

931 2347 1200 2414 Auctor
1267 2348 1477 2415 huius
1545 2349 1959 2431 documenti,
2022 2351 2247 2418 nescio
2307 2373 2442 2440 qua
2510 2350 2806 2429 ratione,
2873 2368 3007 2412 non
3069 2344 3242 2412 facit

800 2454 1211 2521 mentionem
1257 2454 1552 2522 aliorum
1598 2478 1879 2544 operum
1923 2457 2311 2540 Assemani,
2361 2458 2587 2544 operis
2633 2455 2940 2534 scilicet,
2990 2451 3106 2520 cui
3148 2450 3238 2517 ti·

806 2558 1006 2625 tulus
1047 2609 1061 2641 ‚
1112 2558 1489 2647 Catalogus
1536 2560 1979 2650 antiquorum
2023 2562 2322 2629 codicum
2366 2562 2987 2649 manuscriptorum
3023 2557 3240 2625 orien-

806 2665 1059 2734 talium
1121 2665 1301 2732 Bibl.
1372 2666 1816 2756 Apostolicae
1875 2668 2278 2752 Vaticanae,
2349 2667 2529 2758 quod
2588 2690 2779 2756 opuS,
2842 2668 3242 2754 cooperante

803 2772 1151 2862 Stephano
1198 2773 1460 2842 Evodio
1505 2777 1878 2845 Assemano
1940 2800 2023 2844 ex
2084 2801 2313 2845 sorore
2372 2782 2641 2866 nepote,
2707 2776 3122 2864 composuit:
3171 2779 3244 2842 et

804 2880 1104 2949 alterius
1149 2882 1397 2970 operis,
1459 2883 1570 2949 cui
1627 2883 1890 2950 titulus
1955 2912 1985 2944 ιι
2023 2885 2108 2951 de
2175 2891 2474 2974 quatuor
2533 2883 3129 2972 patriarchatibus
3173 2886 3250 2947 et

805 3009 1039 3055 eorum
1065 2987 1309 3054 Patria
1319 2989 1499 3054 rchis
1518 3015 1549 3049 n
1579 2989 1757 3077 quod
1781 2997 2181 3079 cooperante
2199 2990 2614 3057 Patriarcha
2636 2988 2937 3056 Simonio
2953 2986 3241 3067 Evodi0,

811 3095 972 3161 dum
1017 3095 1270 3162 Romae
1318 3095 1527 3162 simul
1573 3096 1805 3164 studio
1851 3119 2122 3185 operam
2168 3096 2449 3178 dabant,
2499 3095 2769 3163 arabice
2813 3092 3240 3181 compilavit,

806 3203 1002 3270 cuius
1046 3202 1466 3291 exemplaria
1511 3204 1598 3271 ad
1644 3204 2022 3270 multorum
2068 3226 2306 3270 manus
2351 3207 2600 3269 extant
2645 3201 3135 3289 manuscripta.

938 3309 1078 3376 Nec
1123 3331 1259 3376 non
1304 3314 1377 3374 et
1422 3307 1725 3375 alterius
1772 3309 1997 3397 operis
2040 3308 2298 3376 arabici
2333 3308 2415 3374 de
2447 3307 2695 3374 morali
2725 3305 3099 3394 theologia,
3135 3305 3255 3373 cui

812 3412 1076 3479 titulus
1127 3442 1158 3474 ιι
1196 3413 1556 3501 Expositio
1600 3414 1927 3502 Decalogi
1964 3441 1995 3475 n
2048 3415 2244 3481 cuius
2288 3413 2627 3501 originale
2658 3419 2858 3480 extat
2887 3413 2962 3480 in
2993 3413 3250 3480 Biblio-

806 3519 1008 3585 theca
1054 3518 1452 3585 monasterii
1499 3519 1983 3586 Monachorum
2029 3519 2533 3587 Maronitarum
2562 3519 2839 3587 Romae.

937 3626 1358 3693 Assemanus
1403 3626 1548 3714 ipse
1594 3626 1682 3692 ad
1727 3625 1967 3714 aliqua
2010 3626 2255 3693 horum
2303 3649 2579 3715 operum
2625 3627 2891 3693 alludit
2935 3626 3009 3692 in
3054 3648 3253 3714 prae-

806 3732 1070 3799 fatione
1094 3731 1318 3820 operis
1351 3760 1383 3795 ιι
1404 3731 1811 3798 kalendaria
1833 3731 2178 3799 Ecclesiae
2202 3732 2578 3800 Universae
2601 3759 2631 3792 n
2662 3733 2850 3799 Tom.
2874 3733 2933 3798 Ι.
2959 3730 3251 3820 pag.30.

814 3865 846 3900 ιι
881 3836 1132 3924 Itaque
1180 3836 1481 3924 seposita
1526 3836 1810 3903 huiusce
1856 3836 2022 3902 libri
2069 3837 2443 3925 evulgandi
2490 3859 2657 3904 cura
2700 3839 2788 3905 ad
2844 3836 2988 3903 alia
3013 3887 3029 3919 ,
3077 3857 3257 3923 qnae

811 3971 842 4006 ιι
878 3942 1016 4009 iam
1061 3941 1324 4030 pridem
1370 3964 1741 4029 aggressus
1787 3941 2054 4009 fueram
2102 3942 2427 4030 opuscula
2473 3941 2885 4030 perficienda
2943 3941 3252 4007 animum

815 4076 846 4111 ιι
882 4047 1153 4130 adiicio,
1204 4070 1284 4114 ac
1329 4048 1768 4136 praesertim,
1803 4047 1884 4116 de
1916 4046 2127 4138 Syria
2159 4056 2395 4118 vetere
2423 4072 2502 4116 ac
2529 4072 2734 4132 nova,
2771 4050 2982 4140 deque
3013 4048 3260 4116 Orien-

817 4185 851 4222 ιι
885 4155 1135 4223 talium
1182 4155 1766 4240 Christianorum,
1816 4157 1936 4245 qni
1981 4179 2024 4223 a
2071 4157 2313 4224 multis
2357 4157 2495 4225 iam
2540 4157 2833 4225 saeculis
2877 4156 2952 4222 in
3010 4155 3255 4244 Syros,

820 4294 853 4331 ιι
889 4264 1278 4349 Melchitas,
1313 4268 1673 4346 Armenos‚
1708 4268 1783 4330 et
1813 4263 2062 4352 Coptos
2093 4263 2302 4332 divisi
2335 4269 2523 4346 sunt,
2557 4263 2880 4344 historia,
2915 4260 3257 4343 conciliis,

821 4401 853 4436 ιι
890 4371 1292 4453 ritualibuS‚
1344 4370 1557 4458 deque
1602 4369 1767 4437 aliis
1811 4370 2166 4437 nonnullis
2209 4371 2299 4438 ad
2345 4371 2669 4438 Italicam
2727 4370 3115 4450 historiam,
3180 4374 3262 4436 et

816 4506 852 4543 a
885 4477 1312 4545 litterariam
1382 4475 1838 4543 eruditionem
1907 4477 2380 4563 spectantibus
2412 4529 2426 4561 ‚
2503 4501 2791 4568 quorum
2864 4477 3261 4564 catalogum

817 4613 851 4647 ιι
886 4605 1091 4672 prope
1138 4582 1313 4650 diem
1365 4581 1684 4648 editurus
1728 4604 1878 4650 sum
1913 4608 1943 4641 n
1995 4582 2167 4649 Post
2211 4584 2377 4651 haec
2423 4585 2597 4653 dicit
2641 4608 2713 4652 se
2760 4583 3263 4674 completurum
