3525 5454
1373 500 1440 510 ..-
1480 470 1547 522 13
1586 495 1652 508 —

413 551 507 619 V·
535 553 728 619 Patr·
758 553 826 627 8.
848 553 1178 630 Cornelius
1208 556 1389 623 sedit
1405 580 1511 623 an.
1538 557 1619 624 12
1651 556 1766 624 vel
1796 558 1902 638 16,
1927 562 2054 624 aut
2072 560 2182 643 20;
2208 560 2381 627 obiit
2406 584 2516 629 an.
2557 567 2708 633 143.

424 657 552 726 VI.
605 658 801 725 Patr.
856 660 1036 726 alius
1081 661 1147 734 S.
1213 661 1444 754 Heron,
1506 663 1681 730 Eros
1743 662 1970 730 dictus
2038 665 2219 731 sedit
2286 689 2395 733 an.
2456 671 2543 737 27
2602 673 2716 739 vel

292 763 337 830 6
382 769 457 831 et
502 764 677 832 obiit
720 788 810 832 an
848 767 1008 841 170.

428 870 591 939 VII.
653 873 845 939 Patr.
888 874 953 947 8.
999 872 1391 964 Theophilus
1413 898 1499 942 ex
1529 874 1964 944 Antiochena
2015 877 2422 964 nobilitate;
2482 903 2557 948 eo
2612 906 2716 949 ro-

288 981 507 1063 gante
552 977 621 1044 S.
654 979 881 1045 Lucas
925 980 1383 1068 Evangelium
1429 988 1501 1047 et
1546 986 1746 1049 actus
1791 984 2281 1072 Apostolorum
2328 989 2726 1075 composuit,

288 1090 364 1152 et
410 1091 772 1175 postquam
819 1088 1104 1155 sedisset
1134 1111 1246 1155 an.
1295 1091 1376 1156 12
1412 1090 1525 1157 vel
1571 1091 1654 1157 13
1701 1096 1830 1157 aut
1868 1092 1980 1173 21,
2032 1092 2207 1158 obiit
2239 1114 2350 1160 an.
2395 1093 2550 1161 182.

415 1193 621 1261 VIII.
697 1194 891 1260 Patr.
969 1195 1034 1268 S.
1089 1196 1410 1270 Maximus
1472 1197 1890 1264 Maximinus
1928 1199 2181 1282 dictus,
2241 1201 2424 1268 sedit
2482 1224 2596 1270 an.
2657 1205 2721 1271 9.

283 1297 403 1365 vel
454 1299 539 1364 13
584 1303 656 1366 et
698 1298 874 1366 obiit
918 1321 1029 1365 an.
1086 1302 1235 1367 191.

409 1406 546 1474 IX.
594 1407 790 1474 Patr.
841 1407 907 1480 S.
944 1408 1255 1500 Serapion
1326 1409 1507 1477 sedit
1574 1434 1682 1478 an.
1736 1413 1823 1478 22
1872 1411 1985 1479 vel
2054 1413 2141 1479 25
2186 1418 2314 1479 aut
2361 1414 2446 1481 10
2491 1415 2725 1483 iuxta-

278 1514 516 1582 varias
559 1514 933 1602 opinioneS,
984 1515 1156 1581 obiit
1201 1539 1314 1582 an.
1367 1517 1519 1583 213.

409 1620 500 1687 X.
553 1621 751 1688 Patr.
829 1622 898 1693 S.
933 1622 1348 1714 Asclepiades
1422 1622 1861 1690 Aschitinius
1929 1622 2155 1691 dictus
2221 1626 2403 1693 sedit
2464 1629 2529 1710 6,
2591 1635 2719 1696 aut

278 1728 320 1794 9
348 1748 464 1793 an.
518 1732 590 1793 et
637 1728 810 1794 obiit
853 1751 965 1794 an.
1003 1729 1156 1796 219.

403 1833 537 1900 ΧΙ.
588 1835 785 1901 Patr.
833 1834 1131 1910 Philetus
1174 1835 1522 1901 Philiman
1569 1836 1821 1919 dictus,
1870 1836 2053 1903 sedit
2096 1859 2206 1903 an.
2265 1839 2371 1920 12,
2432 1840 2544 1906 vel
2593 1842 2719 1929 13,

277 1946 405 2006 aut
458 1942 523 2022 8,
575 1946 647 2006 et
692 1940 864 2007 obiit
909 1962 1020 2006 an.
1075 1940 1231 2007 230.

411 2046 587 2112 XII.
651 2047 846 2113 Patr.
908 2048 1234 2120 zebennus
1295 2046 1496 2113 sedit.
1550 2069 1640 2114 an
1688 2051 1795 2114 11.
1868 2048 1983 2115 vel
2038 2050 2102 2131 6,
2160 2054 2289 2115 aut
2349 2051 2414 2131 9,
2473 2051 2585 2117 vel
2638 2052 2725 2118 10

280 2151 490 2217 iuxta
534 2153 767 2219 varias
811 2153 1223 2241 scriptorum
1271 2153 1640 2240 opinioneS‚
1691 2159 1765 2221 et
1809 2155 1982 2221 obiit
2028 2177 2139 2222 an.
2191 2157 2345 2222 241.

413 2258 628 2324 XIII.
696 2258 898 2326 Patr.
947 2260 1012 2333 S.
1068 2259 1346 2348 Babylas
1414 2260 1597 2325 sedit
1673 2261 1754 2327 12
1817 2283 1925 2327 an.
1988 2260 2100 2329 vel
2149 2262 2258 2343 13,
2322 2267 2451 2328 aut
2540 2265 2580 2329 9
2643 2270 2717 2330 et

283 2384 392 2429 an.
449 2364 580 2430 253
627 2363 969 2452 martyrio
1015 2370 1123 2431 est
1168 2372 1551 2431 coronatus.

404 2471 604 2540 XIV.
662 2474 858 2538 Patr.
916 2473 1172 2562 Fabius,
1218 2473 1566 2538 Fabianus
1612 2478 1685 2538 et
1729 2472 1965 2538 Facun
1995 2471 2246 2556 dictuS,
2312 2473 2556 2540 sedit2
2597 2497 2712 2541 an.

276 2582 402 2644 aut
449 2579 491 2644 9
539 2577 653 2642 vel
703 2578 782 2644 11
833 2578 1033 2644 iuxta
1080 2577 1314 2644 varias
1360 2578 1710 2660 lectiones,
1761 2582 1835 2644 et
1878 2600 1988 2644 an.
2042 2577 2173 2644 255
2228 2578 2427 2645 obiit.

406 2684 563 2753 XV.
615 2684 810 2751 Patr.
863 2685 930 2759 S.
988 2684 1368 2775 Demetrius,
1415 2682 1900 2751 Demetrianus
1946 2682 2196 2766 dictus,
2268 2683 2450 2751 sedit
2508 2706 2597 2751 an
2647 2686 2711 2752 7.

278 2791 390 2860 vel
437 2794 481 2858 8
529 2797 655 2857 aut
697 2792 767 2873 4,
818 2795 891 2856 et
937 2796 1211 2880 martyr
1259 2791 1573 2857 occubuit
1618 2813 1731 2857 an.
1782 2791 1934 2856 262.

410 2899 606 2968 XVI.
660 2899 852 2972 Patr.
910 2900 1148 2973 Paulus
1216 2900 1698 2967 samosatenus
1757 2899 1879 2986 qui
1940 2899 2121 2965 sedit
2173 2921 2285 2965 an.
2357 2899 2440 2965 10
2501 2898 2614 2967 vel
2674 2903 2721 2968 8

276 3004 480 3071 iuxta
523 3005 721 3088 alios,
774 3005 1123 3093 depositus
1168 3011 1242 3073 et
1287 3006 1728 3072 anathemate
1775 3005 2129 3092 perculsus
2188 3006 2331 3073 fuit
2392 3029 2506 3075 an.
2557 3009 2713 3091 272,

277 3111 388 3177 vel
419 3112 552 3178 270
596 3112 800 3178 iuxta
843 3111 1041 3179 alios.
1106 3111 1588 3178 Samosatenus
1646 3110 2041 3198 appellatus
2083 3112 2225 3178 fuit
2263 3113 2426 3201 quia
2488 3114 2718 3181 Samo-

275 3221 466 3283 satae
491 3216 665 3284 civis
688 3220 869 3298 erat,
891 3216 1486 3284 Paulianistarum
1533 3217 1839 3282 haeresis
1863 3222 2105 3283 auctor
2128 3218 2423 3306 fuit‚qui
2453 3220 2539 3285 ab
2568 3219 2720 3286 eius

273 3324 540 3389 nomine
584 3324 683 3389 sic
727 3327 895 3388 sunt
918 3322 1277 3410 appellati.
1302 3322 1433 3387 Hic
1464 3326 1695 3388 autem
1729 3322 1877 3387 eius
1908 3344 2103 3389 error
2134 3324 2297 3388 fuit.
2335 3323 2717 3391 Asserebat

273 3428 635 3500 Dominum
682 3430 769 3497 N.
822 3430 1049 3495 Iesum
1109 3451 1150 3494 a
1204 3427 1599 3494 Divinitate
1653 3432 1962 3494 creatum
1994 3432 2340 3516 tamquam
2374 3452 2583 3494 unum
2630 3430 2717 3496 ab

276 3535 601 3617 essentia,
636 3540 710 3602 et
740 3533 1150 3623 principium
1198 3534 1395 3599 illius
1441 3556 1483 3600 a
1529 3534 1755 3601 Maria
1800 3534 2038 3618 fuisse,
2074 3535 2161 3600 ad
2186 3534 2467 3601 humani
2512 3557 2712 3623 gene-

276 3645 373 3711 ris
444 3644 1004 3732 Redemptionem
1080 3640 1357 3708 missum
1427 3664 1547 3729 per
1594 3641 1896 3728 gratiam
1973 3640 2280 3708 divinam
2313 3690 2328 3721 ,
2388 3661 2560 3729 quae
2632 3640 2708 3707 in

276 3749 400 3816 ino
444 3750 587 3816 fuit
632 3749 997 3817 voluntate
1044 3753 1117 3814 et
1164 3768 1414 3828 amore,
1465 3747 1745 3835 ideoque
1793 3745 2022 3812 Filius
2067 3746 2194 3812 Dei
2253 3745 2675 3834 appellatur.

399 3856 592 3923 Unde
616 3878 821 3922 unam
852 3854 1311 3921 substantiam
1343 3854 1648 3920 divinam
1679 3853 2119 3935 admittebat,
2181 3877 2515 3941 unamque
2547 3854 2710 3921 Per-

275 3981 529 4042 sonam,
578 3983 697 4027 nec
744 3961 815 4026 in
862 3960 1160 4028 Verbum
1207 3964 1282 4024 et
1328 3959 1668 4046 Spiritum
1725 3957 2055 4026 Sanctum
2129 3958 2468 4026 credebat.
2543 3960 2713 4027 Post

274 4067 419 4132 eius
486 4070 773 4132 mortem
822 4066 905 4131 13
973 4064 1292 4151 Episcopi
1362 4063 1778 4130 Antiochiae
1846 4068 2317 4132 convenerunt
2384 4063 2471 4130 ad
2534 4064 2714 4130 hanc

270 4172 604 4239 haeresim
651 4170 1124 4251 damnandam,
1172 4176 1246 4236 et
1290 4169 1379 4235 ad
1424 4169 1950 4235 confirmandam
1995 4169 2194 4236 fidem
2252 4168 2708 4236 Catholicam.

400 4276 635 4345 XVII.
689 4277 888 4342 Patr.
937 4276 1216 4350 Domus
1261 4274 1626 4341 Domnicus
1672 4275 1933 4356 dictuS,
1985 4274 2165 4341 sedit
2210 4297 2320 4342 an.
2376 4276 2441 4341 5.
2478 4274 2591 4342 vel
2638 4276 2706 4356 2,

267 4387 391 4449 aut
436 4384 479 4449 3
524 4383 727 4449 iuxta
770 4382 949 4448 alias
992 4380 1346 4462 lectioneS,
1396 4379 1571 4447 obiit
1616 4401 1727 4446 an.
1788 4380 1944 4446 277.

396 4490 670 4557 XVIII.
722 4490 919 4555 Patr.
973 4488 1271 4562 Timaeus
1341 4486 1523 4554 sedit
1579 4488 1621 4553 6
1680 4509 1791 4554 an.
1864 4488 1907 4553 3
1959 4492 2088 4555 aut
2140 4488 2361 4556 decem
2386 4539 2402 4572 ,
2474 4488 2705 4571 iuxta,

271 4596 525 4681 varios,
578 4595 753 4664 obiit
796 4617 908 4663 an.
961 4594 1117 4662 283.
