3525 5454
1365 511 1431 522 -..
1469 483 1538 534 27
1577 511 1644 521 -.

280 602 403 668 pas
449 581 689 664 situm,
739 583 1115 671 ingressae,
1185 583 1495 650 monachi
1541 582 1786 649 habitu
1831 581 2177 648 induitur.
2245 582 2332 648 In
2377 583 2724 669 sapientia

282 692 355 752 et
398 687 640 774 gratia
683 689 782 755 ibi
826 689 1008 778 apud
1052 691 1270 757 Deum
1315 694 1389 756 et
1433 689 1738 757 homines
1782 689 1889 756 ita
1934 688 2226 776 profecit
2266 695 2351 755 ut
2381 690 2722 757 Monaste-

277 792 367 858 rii
412 810 583 860 cura
627 794 762 882 ipsi
816 795 1226 863 demandata
1271 784 1513 862 fuerit.
1565 795 1802 883 Neque
1861 795 2268 860 litterarum
2328 794 2564 862 studia
2610 816 2725 861 ne-

276 898 504 985 glexit
538 900 707 988 quin
737 900 972 988 plures
1003 901 1216 968 libros
1261 902 1662 989 composuit,
1698 921 1989 988 quorum
2042 899 2289 965 seriem
2332 899 2479 987 ipse
2524 900 2724 967 Abed

269 1006 494 1073 Iesciu
540 1008 615 1073 in
660 1008 1055 1097 supradicto
1100 1015 1408 1096 poemate
1454 1006 1711 1073 retulit
1733 1056 1748 1087 ,
1802 1006 1975 1072 istos
2019 1027 2389 1073 numerans
2398 1056 2716 1073 ...........

402 1113 469 1180 1.
524 1115 625 1182 De
670 1115 1065 1183 iuventutis
1108 1114 1484 1182 directione
1528 1113 1809 1200 eiusque
1854 1112 2281 1180 educatione.

382 1222 471 1288 ’2.
523 1221 878 1290 Sermones
922 1223 1047 1289 sub
1091 1221 1351 1309 dialogi
1395 1221 1637 1288 forma.

402 1326 468 1392 3.
521 1328 622 1394 De
668 1334 927 1415 septem
974 1329 1193 1395 oculis
1235 1327 1537 1395 Domini.

399 1433 467 1498 4.
523 1433 624 1499 De
671 1434 998 1500 vinculis.

397 1538 462 1603 5.
518 1536 1001 1607 Sacrosanctae
1025 1540 1274 1608 Missae
1314 1539 1659 1622 sacrificii,
1693 1544 1767 1607 et
1798 1540 2226 1606 rubricarum
2271 1540 2669 1627 explanatio
2696 1592 2713 1625 ,

267 1642 463 1709 cuius
512 1644 583 1711 in
630 1667 752 1711 suo
798 1651 1118 1714 tractatu
1161 1648 1516 1715 Abraham
1569 1645 2084 1714 Hecchellensis
2144 1647 2482 1715 meminit.

397 1751 466 1817 6.
518 1751 765 1819 Sacrae
811 1753 1077 1820 Bibliae
1108 1754 1530 1841 explanatio,
1558 1754 1639 1820 de
1669 1776 1807 1841 qua
1838 1754 2367 1822 Bar-Hebraeus
2398 1756 2716 1845 loquitur

270 1853 342 1920 in
390 1856 574 1923 libro
621 1857 702 1925 de
747 1861 1238 1947 mysteriorum
1282 1860 1435 1926 fide.

401 1965 464 2030 7.
519 1965 861 2033 Professio
905 1966 1066 2034 fidei
1112 1973 1353 2034 contra
1397 1967 1797 2035 Nestorium
1861 1965 2033 2032 duas
2082 1966 2155 2032 in
2202 1968 2343 2033 Deo
2390 1990 2715 2056 personas

271 2068 781 2155 admittentem,
818 2077 891 2139 et
934 2079 1177 2141 contra
1221 2075 1420 2141 Petri
1450 2073 1771 2141 Fullonia
1801 2074 2258 2161 blasphemias
2287 2074 2363 2140 in
2409 2081 2713 2163 quatuor

264 2178 945 2247 sanctificationibus.

393 2287 458 2352 8.
513 2286 871 2373 Epistolae
918 2288 999 2355 de
1047 2290 1206 2355 Iesu
1237 2288 1508 2356 Christi
1551 2289 1853 2355 humana
1897 2292 1970 2354 et
2015 2287 2255 2356 divina
2299 2294 2596 2370 natura,
2632 2295 2707 2357 et

264 2389 528 2457 duabus
574 2392 722 2458 eius
791 2393 1298 2461 voluntatibus
1337 2395 1522 2461 Haec
1574 2394 1835 2481 scripta
1878 2416 2014 2460 non
2060 2393 2280 2460 solum
2327 2395 2400 2460 in
2445 2396 2656 2483 Syria
2691 2447 2706 2480 ,

263 2497 378 2564 sed
422 2502 499 2564 et
543 2498 617 2563 in
664 2499 904 2566 Persia
950 2505 1024 2565 et
1070 2500 1358 2567 Graecia
1404 2502 1648 2588 agnita
1690 2500 2007 2583 fuerunt,
2057 2505 2132 2565 et
2176 2500 2414 2588 plures
2458 2502 2548 2568 ad
2594 2526 2707 2570 ve·

265 2630 410 2675 ram
457 2611 659 2677 fidem
706 2616 1148 2679 revocarunt.

390 2714 540 2783 Sibi
600 2716 736 2805 ipsi
801 2716 1107 2784 Maronis
1150 2741 1389 2785 nomen
1422 2767 1436 2801 ,
1484 2741 1527 2783 a
1573 2715 1988 2783 monasterio
2034 2716 2109 2782 in
2154 2739 2286 2804 quo
2334 2716 2708 2786 Monachus

262 2827 438 2904 erat,
490 2827 866 2911 acceptum,
915 2824 1266 2910 imposuit,
1300 2828 1387 2888 ut
1430 2823 1960 2890 Bar-Hebraeus
2003 2822 2079 2888 in
2123 2822 2302 2888 libro
2349 2823 2439 2890 dc
2484 2824 2705 2893 mira·

258 2927 579 2996 culorum.
625 2927 796 3020 fide
843 2952 996 2995 eum
1042 2928 1380 3017 appellat.
1445 2930 1735 2996 Ioannes
1789 2929 1979 2994 Maro
2035 2926 2302 3008 dictuS,
2355 2951 2474 2994 seu
2525 2930 2707 3016 quod

258 3034 330 3101 S.
363 3035 673 3103 Maronis
714 3035 1129 3102 monasterio
1175 3035 1543 3116 tribuitur,
1582 3035 1831 3101 idcirco
1863 3034 2147 3122 plurimi
2177 3056 2330 3101 eum
2362 3035 2701 3118 absolute,

255 3144 601 3211 Maronem
658 3145 1015 3210 vocabant.

384 3249 557 3317 Cum
601 3257 834 3318 autem
864 3250 935 3316 S.
974 3250 1278 3316 Maronis
1321 3248 1814 3316 monasterium
1861 3270 2069 3336 prope
2097 3249 2548 3316 Antiochiam
2602 3272 2707 3317 es-

254 3359 391 3437 set,
441 3356 763 3443 frequens
806 3357 1123 3422 fervebat
1168 3355 1550 3443 disputatio
1595 3354 1786 3421 inter
1830 3355 2153 3422 Ioannem
2200 3355 2575 3438 Maronem,
2627 3362 2702 3424 et

255 3460 539 3548 Georgii
583 3461 1035 3528 Patriarchae
1081 3461 1496 3528 Antiochiae
1528 3464 1603 3527 et
1632 3460 1922 3526 Macarii
1970 3460 2120 3526 eius
2151 3463 2557 3528 successoris
2604 3462 2701 3528 di-

255 3565 552 3654 scipulos
582 3616 599 3647 ,
670 3567 853 3633 circa
920 3568 1091 3633 duas
1149 3566 1578 3654 operationes
1622 3571 1697 3632 et
1753 3565 2161 3633 voluntates
2226 3567 2312 3633 D.
2377 3567 2470 3634 N.
2537 3568 2699 3635 Iesu

253 3670 555 3756 Christi3
607 3671 923 3760 quoniam
967 3671 1101 3760 ipsi
1147 3695 1354 3739 unam
1398 3673 1473 3738 in
1536 3673 1812 3742 Christo
1868 3673 2301 3741 voluntatem
2349 3676 2696 3763 praedica-

250 3776 440 3859 bant,
476 3777 1048 3843 Patriarcharum
1078 3776 1313 3844 Const.
1351 3779 1774 3845 auctoritate
1803 3778 2002 3860 fulti,
2039 3779 2329 3846 Ioannes
2358 3803 2394 3847 e
2425 3786 2690 3867 contra,

251 3881 419 3949 duas
465 3883 894 3971 operationes
939 3888 1012 3949 et
1056 3884 1228 3949 duas
1272 3883 1672 3951 voluntates
1717 3884 1791 3949 in
1837 3882 2119 3951 Christo
2164 3885 2445 3953 docebat
2491 3888 2698 3955 iuxta

248 3985 593 4056 Romanae
638 3989 985 4057 Ecclesiae
1032 3988 1257 4055 fidem.

374 4099 671 4166 Interim
717 4098 1110 4166 Cardinalis
1140 4120 1182 4164 a
1211 4098 1543 4164 Pontifice
1569 4098 1842 4181 missus,
1879 4098 2546 4189 Constantinopolim
2577 4126 2692 4170 ve-

247 4205 377 4288 nit,
414 4212 491 4273 et
534 4205 914 4274 Concilium
959 4204 1220 4270 indixit
1265 4203 1351 4271 ad
1399 4203 1598 4271 fidem
1629 4205 2179 4272 confirmandam.
2218 4206 2412 4272 Tunc
2457 4229 2685 4274 omnes

245 4310 589 4379 Ecclesiae
634 4310 806 4377 duas
851 4310 928 4376 in
974 4309 1258 4378 Christo
1303 4315 1597 4378 naturas
1640 4316 1716 4378 et
1770 4311 2175 4379 voluntates
2240 4334 2384 4380 esse
2439 4315 2691 4382 admit-

243 4418 513 4499 tendas,
562 4417 906 4504 professae
953 4421 1144 4484 sunt.

370 4522 719 4589 Macarius
747 4522 1225 4590 Antiochenus
1254 4521 1672 4590 Patriarcha
1702 4527 1872 4590 tunc
1903 4523 2500 4613 Constantinopoli
2546 4550 2684 4594 ma-

242 4629 489 4714 nebat,
542 4635 616 4696 et
660 4649 1028 4716 numquam
1074 4627 1494 4695 Antiochiae
1562 4630 1730 4697 fuit.
1782 4630 1935 4713 Qua
1980 4630 2060 4697 de
2107 4653 2313 4699 causa
2359 4633 2685 4721 Princeps
