3525 5454
1950 473 2012 483 -‚
2067 448 2101 497 2
2147 477 2208 487 -

865 572 897 605 ιι
933 543 1044 611 dio
1081 544 1492 612 Patriarcha
1531 547 1960 614 Antiocheno
1996 548 2143 615 eius
2179 548 2674 636 consanguineo
2722 549 3176 640 suffragante,
3221 574 3310 619 ex

867 678 898 712 ιι
932 650 1168 739 Syria,
1188 656 1396 739 atque
1421 653 1747 741 Aegypto
1774 675 1908 742 qua
1933 655 2132 742 longe
2157 655 2432 743 lateque
2459 660 2726 742 patent,
2756 679 2901 723 eam
2925 654 3306 724 Manuscri-

860 788 893 822 ιι
928 763 1205 847 ptorum
1237 758 1555 826 Codicum
1587 760 1845 848 copiam
1875 761 2082 827 celeri
2115 782 2322 826 cursu
2356 761 2638 827 Romam
2671 762 3099 849 deportavit,
3127 784 3307 850 quae

869 894 899 927 ιι
934 863 1022 930 ad
1045 865 1394 952 egregium
1409 888 1575 953 opus
1595 866 2106 949 absolvendum,
2126 866 2304 955 quod
2319 866 2749 933 Bibliotheca
2766 865 3143 934 Orientalis
3152 867 3311 935 Cle-

869 1000 900 1033 ιι
936 971 1645 1040 mentino-Vaticana
1670 972 2100 1055 inscribitur,
2142 972 2406 1038 abunde
2439 977 2858 1061 suppeteret.
2895 973 3097 1039 Anno
3130 971 3310 1040 1730

864 1106 895 1139 ιι
930 1076 1150 1163 pridie
1198 1078 1529 1144 kalendas
1574 1078 1889 1144 Octobris
1936 1078 2270 1145 secundus
2317 1077 2783 1144 Bibliothecae
2843 1076 3213 1144 Vaticanae
3258 1097 3307 1143 a

864 1212 895 1246 ιι
932 1183 1281 1251 Clemente
1307 1184 1452 1252 XII
1483 1183 1732 1251 Custos
1765 1184 2192 1271 designatus3
2238 1185 2377 1251 111.
2407 1206 2620 1249 nonas
2644 1183 2958 1251 Ianuarii
2981 1202 3099 1250 an.
3127 1179 3306 1249 1739

864 1318 895 1352 ιι
932 1291 1005 1356 in
1058 1289 1291 1358 Caroli
1350 1290 1620 1357 Maielli
1678 1290 2002 1377 Archiep.
2057 1289 2407 1357 Emesseni
2467 1289 2766 1356 eiusdem
2830 1289 3304 1356 Bibliothecae

860 1425 891 1459 ιι
927 1396 1133 1483 primi
1165 1396 1510 1478 Custodis,
1547 1419 1667 1463 seu
1698 1396 2030 1484 praefecti
2056 1396 2276 1462 locum
2303 1397 2630 1462 successit
2664 1396 2783 1484 (1).
2813 1395 2965 1478 Qua
2998 1416 3161 1462 vero
3194 1392 3298 1460 di-

861 1531 892 1565 ιι
929 1501 1249 1588 ligentia,
1278 1507 1669 1591 quantoque
1701 1502 2104 1569 litterarum
2134 1502 2550 1568 incremento
2581 1501 2754 1567 hanc
2785 1500 3304 1568 Praefecturam

862 1640 892 1672 ιι
928 1610 1017 1677 ad
1073 1610 1333 1676 obitum
1394 1630 1605 1698 usque
1668 1608 1987 1696 gesserit,
2053 1607 2255 1674 facile
2316 1607 2674 1674 declarant
2734 1628 2934 1695 quam
2996 1606 3302 1695 plurima

828 1748 890 1782 ru
926 1717 1300 1802 volumina,
1354 1740 1526 1805 quae
1574 1716 1717 1805 ipse
1766 1715 1878 1784 vel
1925 1714 2230 1803 scripsit,
2282 1714 2395 1781 vel
2442 1715 2525 1779 ab
2570 1713 2732 1779 aliis
2777 1712 3076 1780 eruditis
3122 1712 3305 1779 viris

858 1854 889 1888 ιι
927 1824 1186 1913 publici
1234 1824 1412 1890 iuris
1458 1822 1613 1890 fieri
1660 1821 1964 1890 curavit.
2019 1823 2504 1889 sacrosanctae
2550 1819 2889 1887 Basilicae
2951 1818 3303 1907 Principis

864 1960 894 1992 ιι
931 1931 1422 2019 Apostolorum
1514 1929 1593 1996 de
1679 1929 1863 1995 Urbe
1955 1926 2260 1994 Clericus
2325 1927 2787 1994 Beneficiatus
2851 1926 3073 2015 pridie
3141 1926 3302 1992 idus

861 2065 892 2099 ιι
926 2036 1315 2104 Decembris
1360 2059 1475 2103 an.
1515 2035 1709 2101 1713.
1767 2034 1930 2102 VII.
1965 2032 2294 2099 kalendas
2339 2032 2651 2119 Augusti
2684 2032 2878 2099 1719.
2915 2032 3299 2120 Presbyter

862 2171 893 2203 ιι
930 2141 1429 2222 Beneficiatus,
1496 2142 1762 2208 demum
1793 2140 1951 2207 XV.
1985 2139 2130 2207 kal.
2169 2138 2484 2206 Ianuarii
2520 2139 2714 2205 1739.
2765 2138 3146 2207 Canonicus
3191 2159 3304 2203 re·-

832 2266 892 2308 ·ιι
930 2248 1301 2313 nunciatus
1335 2247 1559 2314 omnia
1593 2270 1634 2313 a
1672 2248 1845 2315 Ven.
1891 2245 2214 2334 Capitulo
2255 2245 2486 2311 munia
2540 2244 2669 2311 sibi
2725 2242 3136 2309 demandata
3176 2264 3298 2311 na-

862 2378 893 2412 ιι
926 2350 1114 2417 viter
1162 2351 1592 2441 feliciterque
1640 2352 1883 2419 obivit.
1938 2353 2031 2420 A.
2067 2352 2136 2419 S.
2173 2350 2716 2438 Congregatione
2764 2348 2844 2415 de
2877 2349 3087 2435 Prop.
3121 2347 3296 2415 Fide

859 2485 889 2517 ιι
929 2455 1001 2521 in
1048 2455 1426 2523 Consilium
1472 2457 1552 2523 de
1598 2459 1800 2523 rebus
1845 2457 1934 2523 ad
1961 2457 2353 2525 Orientales
2385 2454 2724 2524 Ecclesiae
2753 2455 3289 2542 pertinentibus,

861 2593 892 2626 ιι
929 2563 1277 2652 ipsamque
1323 2564 1746 2632 Catholicam
1794 2566 1994 2632 fidem
2039 2565 2184 2631 sive
2216 2564 2563 2643 tuendam,
2599 2561 2747 2629 sive
2787 2560 3294 2650 propagandam

856 2699 888 2733 ιι
923 2670 1396 2759 spectantibus
1458 2672 2012 2761 frequentissime
2074 2671 2452 2754 adhibitus,
2503 2676 2576 2738 et
2634 2694 2676 2739 a
2735 2670 3084 2739 Clemente
3115 2670 3284 2740 XII.

856 2806 886 2838 ιι
923 2800 1034 2843 an.
1074 2779 1273 2845 1732.
1322 2802 1363 2846 a
1410 2778 1734 2846 Cubiculo
1781 2779 2082 2863 honoris,
2132 2803 2286 2845 mox
2344 2802 2454 2845 an.
2497 2780 2688 2845 1735.
2743 2779 3114 2845 Praelatus
3157 2781 3290 2848 Do-

855 2912 885 2944 ιι
921 2883 1244 2950 mesticus
1293 2907 1443 2950 cum
1489 2885 1762 2953 indulto
1808 2908 1974 2951 usus
2020 2884 2344 2967 rochetti,
2380 2889 2454 2950 et
2483 2885 2733 2951 mitrae
2780 2888 3075 2970 creatus3
3113 2884 3290 2952 diffl-

857 3017 887 3051 ιι
925 2988 1184 3056 cillima
1207 2990 1551 3078 legatione
1588 2994 1682 3081 (2)
1715 2993 1803 3059 ad
1826 2992 2421 3081 Syro-Maronitas
2465 3015 2587 3080 pro
2620 2991 3052 3058 restituenda
3084 2993 3288 3059 eccle-

854 3124 885 3156 ιι
921 3093 1203 3162 siastica
1249 3096 1611 3185 disciplina
1655 3102 2064 3185 perfunctus
2092 3102 2224 3180 est,
2261 3102 2623 3186 coactaque
2655 3097 2727 3163 in
2758 3097 3021 3164 Libano
3054 3098 3291 3164 Monte

856 3230 887 3262 ιι
923 3200 1196 3290 Synodo
1245 3203 1431 3271 inter
1477 3204 1812 3286 infideles,
1861 3204 2267 3285 haereticos,
2319 3208 2526 3291 atque
2560 3203 3026 3269 schismaticos
3057 3225 3289 3290 quam-

988 3422 1062 3492 (1)
1104 3423 1185 3474 11.
1229 3424 1451 3474 Docum.
1475 3450 1541 3460 -
1580 3421 1661 3473 Ob
1696 3422 1796 3472 hoc
1834 3435 2033 3472 novum
2072 3434 2272 3471 munus
2308 3419 2559 3472 Clemens
2596 3418 2695 3482 Pp.
2737 3417 2870 3469 XII.
2911 3418 3077 3468 breve
3096 3432 3281 3470 exem·

845 3512 1058 3576 ptionis
1103 3526 1136 3561 a
1160 3511 1324 3562 choro
1361 3511 1415 3562 ei
1453 3509 1625 3574 dedit,
1672 3508 1812 3575 quod
1855 3510 2075 3574 incipit:

1728 3651 2069 3703 CLEMENS
2114 3650 2221 3701 PP.
2264 3648 2397 3700 XII.

988 3793 1202 3844 Dilecte
1240 3793 1326 3844 fili
1335 3831 1587 3846 ...........
1630 3793 1845 3844 ratione
1885 3792 2129 3844 muneris
2166 3791 2333 3856 primi
2358 3787 2622 3842 custodis
2652 3789 3029 3840 Bibliothecae
3059 3791 3291 3841 nostrae

845 3884 1153 3936 vaticanae
1161 3920 1341 3937 ........
1384 3885 1588 3935 Datum
1627 3881 1832 3933 ibidem
1871 3881 1959 3933 die
1997 3881 2174 3934 XXV.
2218 3881 2473 3933 Ianuarii
2511 3879 2670 3930 1739.

988 3967 1061 4040 (2)
1097 3973 1178 4025 Ob
1213 3972 1356 4022 hanc
1394 3972 1728 4035 legationem
1765 3972 2013 4023 Clemens
2048 3971 2198 4034 Papa
2236 3970 2370 4021 XII.
2411 3968 2762 4020 confirmavit
2788 3970 2963 4019 Breve
2984 3969 3294 4032 exemptio-

844 4061 934 4112 nis
973 4061 1437 4127 supra-relatum,
1481 4061 1595 4112 alio
1633 4062 1802 4113 Brevi
1841 4060 1980 4126 quod
2019 4060 2242 4124 incipit:

1687 4203 2025 4256 CLEMENS
2064 4202 2256 4254 PAPA
2296 4203 2427 4254 XII.

980 4344 1198 4396 Dilecto
1252 4345 1336 4395 fili
1345 4380 1548 4398 .........
1606 4346 1689 4396 Tu
1727 4360 1887 4410 quem
1924 4347 2036 4397 Nos
2097 4345 2167 4396 ad
2205 4347 2555 4399 venerabiles
2609 4347 2818 4399 fratres
2880 4347 3284 4401 Patriarcham

839 4430 1246 4484 Antiochenam
1282 4446 1345 4483 ac
1380 4432 1831 4499 Archiepiscopos
1867 4437 1924 4485 et
1962 4435 2261 4499 Episcopos
2287 4435 2537 4486 nationis
2576 4436 2979 4487 Maronitarum
3027 4439 3287 4489 nostrum

836 4523 895 4571 et
924 4519 1104 4572 dictae
1143 4517 1223 4592 (S)
1263 4521 1421 4575 Sedis
1460 4521 1798 4586 Ablegatum
1858 4522 2249 4588 deputavimus
2257 4560 2506 4578 ...........
2548 4524 2752 4575 Datum
2791 4523 2992 4575 ibidem
3044 4522 3130 4575 die
3172 4527 3282 4580 VI.

808 4609 811 4610 ⁷
842 4609 1157 4661 Decembris
1199 4610 1350 4665 1785.
