3525 5454
1324 492 1394 502 -.
1431 464 1499 516 23
1540 493 1606 503 -.

235 564 685 632 Antiochena
728 567 1245 632 confirmantur.
1299 564 1439 630 Ast
1484 562 1853 630 Melchitas
1898 582 2266 648 numquam
2343 559 2694 625 confirma-

240 675 388 753 vit,
435 695 657 760 neque
735 670 1131 758 Theophani
1193 673 1668 737 successerunt
1717 670 2042 755 (tempore
2088 666 2471 746 Assemani,
2523 665 2690 733 Mel·

237 782 475 849 chitae
521 779 867 848 Catholici
913 778 1035 847 vix
1068 778 1537 865 incipiebant).

381 888 523 955 Ast
565 910 718 953 cum
764 886 836 951 in
882 884 1218 952 haeresim
1265 882 1443 971 lapsi
1490 886 1656 949 sunt
1681 933 1699 965 ,
1770 886 1843 948 et
1888 904 1930 948 a
1974 879 2366 947 Iustiniano
2441 880 2691 966 absque

236 1017 412 1062 naso
447 1045 462 1077 ,
512 993 880 1061 Melchitae
950 997 1115 1058 sunt
1184 990 1572 1079 appellati,
1622 988 1741 1077 qui
1789 1009 1993 1054 unam
2039 990 2314 1052 tantum
2361 990 2688 1051 naturam

238 1101 740 1181 admittebant,
775 1121 925 1165 cum
970 1096 1364 1164 Catholicos
1396 1095 1575 1162 idest
1608 1094 2023 1174 Maronitas»,
2061 1092 2543 1159 Patriarcham
2563 1089 2687 1158 Ca-

236 1207 587 1273 tholicum
634 1209 788 1293 post
833 1203 1310 1290 Theophanem
1356 1201 1643 1289 elegisse
1691 1201 2035 1283 viderent,
2086 1198 2221 1286 ipsi
2265 1198 2689 1265 haereticum

238 1313 733 1381 Patriarcham
780 1311 1167 1398 elegerunt,
1220 1311 1338 1397 qui
1387 1333 1520 1376 non
1567 1308 1875 1397 pertinet
1904 1307 1991 1373 ad
2021 1306 2265 1373 seriem
2307 1306 2504 1372 Patr.
2542 1305 2687 1372 An-

237 1424 738 1500 tiocheuorum,
766 1440 981 1507 neque
1004 1441 1047 1485 a
1072 1418 1266 1484 Rom.
1299 1418 1478 1483 Pont
1522 1416 1667 1483 fuit
1697 1417 2138 1481 confirmatus
2170 1419 2255 1480 ut
2284 1418 2574 1481 notatur
2607 1412 2687 1479 in

238 1525 752 1593 Ecclesiasticis
796 1524 1136 1592 historiis.

379 1631 517 1714 Sic,
566 1631 730 1697 illos
772 1635 1133 1698 enumerat
1175 1628 1881 1698 Sahid-Bar-Batrik
1925 1625 2252 1693 melchita
2297 1630 2452 1713 post
2476 1625 2690 1691 Theo·

238 1737 494 1826 phanis
538 1741 822 1803 mortem
881 1738 1079 1804 Patr.
1146 1738 1288 1804 fuit
1347 1737 1643 1804 Thomas
1695 1736 1816 1825 qui
1880 1737 2062 1804 sedit
2118 1738 2205 1804 20
2236 1759 2380 1817 an.,
2425 1741 2501 1804 et
2537 1740 2695 1824 post

241 1845 589 1932 Georgius
633 1847 724 1913 24
754 1867 864 1911 an.
903 1845 1143 1912 deiude
1174 1844 1569 1933 Stephanus
1600 1845 1685 1911 37
1715 1868 1831 1911 an.
1867 1849 2022 1932 post
2051 1844 2275 1932 ipsum
2303 1844 2684 1924 Barflacta,

240 1954 432 2021 idest
476 1954 1015 2042 Theophilactus
1050 1953 1134 2020 18
1181 1975 1292 2018 an.
1345 1951 1551 2019 sedit.
1605 1951 1866 2019 Deinde
1912 1950 2238 2018 successit
2294 1950 2689 2017 Theodorus

239 2061 333 2128 23
365 2082 510 2142 an.,
545 2060 740 2126 cuius
785 2065 1087 2147 tempore
1134 2058 1514 2126 Concilium
1560 2059 1926 2146 septimum
1971 2057 2344 2124 Nicaenum
2390 2054 2687 2121 celebra-

240 2172 396 2231 tum
441 2165 621 2249 fuit3
674 2171 909 2252 postea
954 2165 1098 2230 fuit
1142 2166 1342 2231 Patr.
1393 2164 1900 2246 Theodoritus,
1971 2164 2091 2251 qui
2161 2163 2245 2230 17
2290 2186 2400 2230 an.
2454 2162 2637 2229 sedit
2669 2212 2685 2244 ,

243 2274 405 2357 post
452 2269 672 2352 Ioabi‚
722 2270 963 2338 deinde
1007 2271 1336 2337 Nicolaus
1382 2270 1502 2358 qui
1561 2272 1649 2338 23
1680 2294 1794 2340 an.
1849 2270 2050 2338 sedit.
2127 2270 2308 2337 Huic
2366 2269 2692 2337 successit

245 2374 645 2463 Stephanus
689 2376 808 2463 qui
854 2398 988 2442 uno
1034 2376 1143 2443 die
1188 2376 1392 2459 sedit,
1444 2376 1516 2442 in
1563 2400 1694 2466 quo
1740 2376 2020 2442 Missam
2052 2375 2452 2457 celebravit,
2503 2376 2690 2442 dein-

249 2481 333 2549 de
366 2481 573 2548 Iedus
602 2482 687 2547 21
719 2504 831 2548 an.
868 2482 1074 2564 sedit,
1109 2488 1347 2569 postea
1377 2483 1646 2551 Simeon
1692 2482 2168 2563 Bar-Zirnak,
2221 2481 2419 2549 Elias
2451 2483 2540 2548 28
2569 2504 2682 2548 an.

247 2588 451 2655 sedit.
490 2588 646 2654 Huc
677 2610 892 2676 usque
939 2589 1236 2656 historia
1260 2589 1966 2657 Sahid-Bar-Batrik
2008 2588 2474 2676 protrahitur.
2522 2588 2694 2653 Post

242 2696 472 2765 Eliam
518 2695 865 2762 Macarius
910 2695 1009 2763 ΙΙ.
1062 2695 1205 2762 fuit
1250 2696 1532 2778 electus,
1582 2694 1825 2763 deinde
1857 2694 2122 2763 Marius
2152 2695 2532 2775 Armenus,
2567 2692 2689 2781 qui

243 2825 357 2870 an.
390 2803 564 2869 1012
588 2805 903 2870 mortuus
924 2808 1056 2870 est.
1102 2804 1283 2869 Huic
1306 2804 1632 2870 successit
1654 2804 2110 2871 Eleutherius
2135 2823 2309 2868 anno
2337 2802 2512 2868 1028
2530 2851 2546 2883 ,
2575 2823 2687 2888 po·

241 2915 395 2975 stea
427 2908 848 2975 Theodosius
878 2930 988 2974 an.
1024 2910 1220 2990 1035,
1259 2909 1378 2996 qui
1404 2910 1485 2976 de
1518 2910 1693 2976 serie
1725 2915 1883 2975 erat
1904 2908 2475 2975 Patriarcharum
2505 2906 2686 2973 Rus-

239 3017 408 3084 siae.
439 3020 581 3083 An.
615 3018 788 3084 1179
818 3017 1022 3083 Patr.
1070 3019 1216 3084 suit
1261 3019 1655 3085 Theodorus
1699 3017 2086 3098 Balsamus,
2137 3016 2257 3104 qui
2302 3038 2454 3082 cum
2500 3019 2686 3082 esset

240 3126 562 3213 scriptor,
594 3126 830 3213 plures
859 3125 1075 3192 libros
1106 3131 1347 3192 contra
1377 3125 1572 3191 Rom.
1604 3124 1963 3192 Pontificis
1994 3124 2405 3204 Primatum,
2434 3126 2511 3190 et
2535 3145 2687 3189 con-

238 3231 647 3297 stitutiones
669 3231 864 3297 Rom.
896 3232 1266 3314 Ecclesiae,
1295 3231 1696 3318 composuit.
1727 3231 1956 3319 Usque
1982 3232 2070 3298 ad
2099 3234 2340 3297 nostra
2369 3236 2687 3318 tempora

239 3336 613 3404 Melchitae
657 3338 1138 3404 Patriarcham
1171 3337 1594 3404 haereticum
1625 3338 2168 3405 constituerunt.
2204 3335 2439 3404 Etiam
2472 3334 2677 3403 Card.

240 3444 587 3512 Baronius
617 3448 868 3510 narrat
899 3467 1075 3511 anno
1102 3445 1229 3512 742
1252 3445 1735 3512 Patriarcham
1757 3444 2266 3511 Antiochenam
2291 3442 2504 3508 fuisse
2536 3441 2687 3508 Ste-

238 3551 541 3639 phanum
572 3551 614 3616 2
666 3550 891 3632 annis,
920 3556 1157 3638 postea
1188 3549 1753 3638 Theophilactum
1797 3550 2209 3616 Edelsenum
2243 3550 2286 3616 6
2338 3571 2450 3615 an.
2480 3549 2688 3615 Dein·

240 3656 323 3722 de
369 3654 686 3721 historici
733 3655 943 3721 latini
989 3654 1070 3720 de
1115 3654 1551 3721 Patriarchis
1593 3655 2049 3723 Antiochenis
2094 3655 2500 3721 mentionem
2548 3676 2686 3720 non

237 3760 521 3842 habeut,
571 3782 784 3849 usque
855 3761 942 3827 ad
1010 3761 1437 3828 Beruardum
1505 3762 1865 3846 Latinum,
1915 3786 1957 3829 a
2002 3784 2136 3852 quo
2203 3760 2447 3828 Latini
2517 3760 2684 3826 iuci-

238 3866 447 3955 piunt
489 3866 972 3933 Patriarcham
1016 3867 1299 3954 eligere,
1349 3867 1469 3956 qui
1515 3867 1930 3935 Antiochiae
1975 3869 2418 3949 morabatur,
2471 3887 2688 3953 usque

238 3971 327 4038 ad
373 3972 630 4042 Eliam.
679 3974 849 4040 Post
890 3974 1073 4041 hunc
1118 3975 1191 4040 in
1237 3975 1597 4042 Occidente
1643 3977 1979 4043 translati
2010 3999 2053 4044 a
2081 3977 2278 4043 Rom.
2348 3976 2683 4043 Pontifice

236 4076 482 4143 Latini
528 4077 969 4165 eligebantur
1037 4082 1491 4148 Patriarchae
1535 4081 1976 4163 Antiochiae,
2026 4082 2205 4170 quod
2250 4084 2459 4150 etiam
2505 4103 2691 4150 nunc

238 4187 588 4250 servatur.
640 4185 748 4252 At
792 4185 915 4252 isti
961 4210 1094 4253 uon
1143 4193 1347 4253 erant
1391 4189 1543 4255 veri
1575 4189 2025 4255 Patriarchae
2058 4189 2471 4256 Antiochiae
2524 4212 2685 4255 nam

235 4294 607 4377 coeperunt
650 4312 830 4356 anno
880 4292 1077 4373 1099,
1127 4294 1352 4359 necin
1381 4294 1798 4360 successione
1843 4298 2132 4362 fuerunt
2176 4296 2373 4362 Patr.
2430 4295 2686 4363 Antio·

233 4399 628 4491 chenorum.
677 4399 879 4464 Licet
923 4404 1157 4466 autem
1205 4400 1363 4467 dum
1411 4401 1830 4467 Antiochiae
1876 4407 2100 4485 erant,
2150 4424 2194 4468 a
2237 4402 2432 4470 Rom.
2500 4402 2685 4469 Pon-

233 4506 418 4572 tifice
465 4503 1009 4592 patriarchalem
1056 4506 1432 4573 habuerint
1473 4507 2043 4591 iurisdictionem,
2093 4533 2274 4577 nunc
2320 4516 2550 4577 tamen
2599 4533 2680 4578 ea

233 4615 494 4678 carent.
548 4608 746 4676 Unde
792 4632 1027 4678 eorum
1074 4611 1402 4680 successio
1449 4612 1698 4700 incipit
1741 4635 1786 4679 a
1829 4615 2206 4697 Bernardo,
2259 4615 2381 4704 qui
2426 4638 2510 4684 ex
2549 4614 2687 4682 La-
