3525 5454
1881 429 1951 443 -
1989 406 2057 457 22
2091 431 2161 444 -.

816 501 1137 570 dictionis
1180 508 1254 570 et
1297 502 1833 571 confirmationis
1878 505 2168 593 pallium
2213 505 2498 593 recepit,
2547 508 2634 572 ut
2677 508 3037 572 testantur
3080 503 3278 594 Epi-

817 633 1055 699 scopus
1101 610 1387 679 Gabriel
1452 609 1978 678 Bar-Alkelahi
2023 612 2098 677 in
2142 610 2586 678 conciliorum
2660 634 2989 694 sermone,
3036 617 3114 679 et
3169 610 3276 677 si·

815 717 1081 784 militer
1124 717 1289 785 Pat.
1336 717 1781 805 Sthephanus
1825 717 2151 798 Dovaiki,
2199 718 2356 785 Pat.
2415 718 2906 803 Quaresenins‚
2950 720 3276 808 Presby-

816 826 928 889 ter
974 822 1249 910 Mirheg
1293 822 1798 905 Bar-Nemrun,
1834 828 1908 890 et
1937 823 2063 889 alii
2111 823 2370 911 plures3
2407 829 2684 912 quarto,
2722 825 2888 911 quia
2913 824 3275 913 quidquid

814 926 1267 995 Constantino
1327 933 1685 1016 postquam
1751 929 2200 996 Antiochiam
2260 929 2471 1018 petiit
2491 977 2508 1012 ,
2576 930 2884 997 evenisse
2943 931 3225 997 dicitur
3252 979 3271 1011 ,

815 1034 884 1103 S.
916 1035 1161 1102 Ioanni
1206 1035 1477 1101 Maroni
1522 1035 1780 1121 evenit3
1831 1058 1986 1103 nam
2019 1035 2339 1104 historici
2361 1040 2681 1119 narrant,
2718 1036 3137 1103 Antiochiae
3163 1036 3274 1101 ci-

814 1164 936 1209 ves
958 1148 1201 1208 contra
1221 1141 1753 1209 Constantinum
1779 1142 2260 1224 insurrexisse,
2279 1166 2434 1210 eum
2448 1148 2846 1210 accusantes
2873 1143 3058 1231 apud
3071 1141 3274 1230 Imp.

815 1248 1284 1315 Iustinianum
1316 1247 1548 1315 virum
1578 1248 1954 1329 eruditum,
1989 1248 2528 1337 intelligentem,
2561 1255 2636 1316 et
2667 1250 2741 1316 in
2770 1250 2902 1317 fide
2934 1255 3270 1316 constan-

814 1358 977 1437 tem,
1028 1353 1148 1441 qui
1194 1355 1573 1423 haereticos
1617 1355 2032 1423 Antiochiae
2064 1362 2138 1422 et
2166 1356 2242 1421 in
2262 1356 2543 1423 Oriente
2575 1361 3066 1423 commorantes
3095 1378 3270 1444 per-

813 1462 1251 1549 sequebatur.
1304 1461 1498 1528 'I'unc
1549 1461 1987 1531 Iustinianus
2028 1468 2270 1529 contra
2322 1462 2544 1551 ipsum
2599 1461 2860 1530 milites
2903 1463 3126 1545 misit,
3178 1467 3271 1529 et

814 1567 899 1633 ab
944 1566 1381 1635 Antiochena
1434 1566 1604 1634 Sede
1655 1567 2039 1656 depositum
2086 1567 2161 1633 in
2207 1568 2493 1634 exilium
2538 1568 2832 1655 pepulit.
2877 1567 3039 1636 Ideo
3098 1589 3266 1634 ooa-

810 1677 1013 1755 ctus,
1076 1675 1165 1741 ad
1224 1680 1521 1741 montem
1551 1674 1908 1767 ‘Libanum
1953 1673 2283 1762 aufugit,
2334 1680 2419 1742 ut
2461 1674 2824 1742 manifeste
2886 1673 3270 1762 colligitur

811 1798 897 1845 ex
939 1778 1408 1846 Orientalibus
1454 1779 1795 1846 historiis.
1873 1779 2183 1862 Quinto,
2255 1781 2419 1867 quia
2484 1780 2903 1868 impossibile
2965 1781 3268 1848 videtur

809 1884 1011 1951 Rom.
1059 1886 1257 1952 Pont.
1304 1886 1503 1953 Patr.
1554 1886 2061 1953 Antiochenum
2108 1884 2397 1972 elegisse
2441 1885 2762 1953 clericum
2809 1885 3111 1952 alterius
3133 1908 3270 1952 na—

808 1991 1044 2074 tionis,
1093 1992 1360 2059 scilieet
1407 1991 1928 2080 Syracusarum.
1983 1992 2157 2058 Nam
2204 1991 2376 2060 licet
2443 1992 2767 2060 Pontifex
2835 1994 2962 2060 hoc
3027 1994 3267 2063 facere

805 2097 1169 2184 potuisset,
1218 2102 1449 2165 tamen
1493 2120 1842 2186 nunquam
1885 2097 2354 2165 Orientalibus
2401 2098 2688 2165 Sedibus
2717 2148 2734 2182 ,
2793 2098 3266 2167 Patriarchas

804 2203 1102 2272 alterius
1145 2205 1450 2272 nationis
1494 2206 1784 2289 dedisse,
1832 2206 1969 2272 nisi
2014 2204 2127 2273 vel
2159 2208 2244 2273 ab
2285 2206 2455 2295 ipsis
2503 2212 2908 2295 peterentur
2949 2209 3250 2292 civibus,

803 2317 920 2384 vel
964 2317 1100 2383 iam
1145 2317 1328 2405 apud
1372 2318 1553 2405 ipsos
1597 2317 1899 2387 fuissent
1943 2318 2364 2400 commorati,
2416 2318 2705 2406 legitur.
2756 2318 2993 2401 Sext0,
3039 2320 3102 2386 si
3144 2316 3260 2387 Io·

804 2444 1016 2489 annes
1059 2424 1254 2490 Maro
1299 2446 1431 2490 non
1477 2429 1658 2491 esset
1683 2424 1817 2490 iste
1843 2423 2366 2505 Constantinus,
2420 2447 2635 2513 quare
2666 2425 3258 2495 Sahid-Bar-Ba·

806 2530 985 2612 trik,
1034 2531 1109 2596 in
1137 2530 1334 2597 Patr.
1372 2530 1788 2598 Antiochiae
1820 2531 1995 2597 serie
2019 2552 2171 2597 eum
2195 2530 2560 2619 relinquit,
2594 2553 2847 2619 ponens
2879 2537 3038 2619 post
3074 2556 3261 2601 mor·

805 2646 945 2707 tem
977 2640 1436 2729 Theophanis,
1471 2640 1800 2707 Thomam
1834 2638 2276 2705 Melchitam‘?
2315 2638 2457 2706 Cur
2488 2640 2612 2705 hoc
2652 2637 2832 2725 egit?
2881 2639 3040 2706 Nisi
3086 2640 3263 2729 quia

804 2747 1192 2814 Maronitas
1224 2769 1373 2813 cum
1405 2746 1758 2813 Melchitis
1790 2747 1970 2813 circa
2001 2745 2202 2812 fidem
2225 2749 2300 2812 et
2327 2745 2476 2812 eius
2499 2744 3007 2833 professionem,
3045 2767 3262 2833 quae-

807 2852 1067 2919 stiones
1143 2854 1508 2935 habebant,
1560 2859 1634 2917 et
1679 2853 1830 2920 ideo
1877 2852 2143 2921 invidia
2188 2857 2263 2918 et
2311 2852 2536 2919 livore
2582 2857 2826 2918 contra
2868 2851 3053 2939 ipsos
3101 2873 3268 2919 eum

804 2956 1058 3024 omisit.
1111 2958 1347 3046 Neque
1392 2962 1624 3046 potest
1646 2959 1905 3048 aliquis
1929 2959 2154 3025 dicere
2184 2957 2890 3025 Sahid-Bar-Batrik
2912 2956 3264 3026 Constan-

806 3062 945 3130 tini
989 3086 1228 3130 nomen
1276 3065 1662 3152 reliquisse,
1714 3066 1878 3152 quia
1921 3065 2145 3132 malus
2189 3065 2304 3133 vir
2349 3065 2516 3148 fuit,
2567 3089 2723 3133 nam
2770 3065 2917 3150 ille,
2952 3067 3265 3134 Paulum

806 3170 1342 3252 Samosatenum,
1392 3169 1723 3239 Severum
1767 3176 1842 3239 et
1887 3171 2263 3238 Macarium
2309 3172 2691 3238 haereticos
2729 3172 3258 3254 adnumeravit,

803 3278 1053 3345 idcirco
1076 3302 1161 3345 ex
1185 3277 1532 3366 proposito
1554 3278 1617 3344 Ι.
1642 3279 1988 3345 Maronem
2012 3278 2325 3365 reliquit.
2348 3277 2502 3360 Qua
2527 3279 2795 3347 ratione
2817 3278 3262 3368 Stephanum

805 3383 1203 3452 Melchitam
1248 3383 1446 3449 Patr.
1477 3384 1982 3452 Antiochenam
2027 3384 2360 3466 nominat,
2388 3385 2511 3473 qui
2532 3407 2667 3451 uno
2692 3390 2970 3452 tantum
3001 3386 3112 3454 die
3144 3387 3257 3455 vi-

805 3491 916 3557 xit
945 3495 1020 3556 et
1048 3493 1284 3577 postea
1313 3496 1629 3556 mortuus
1659 3490 1805 3557 est‘?
1827 3491 2117 3578 Insuper
2148 3489 2510 3557 Anastasii
2539 3491 2776 3571 verba,
2811 3491 3060 3579 quibus
3089 3513 3254 3558 nar-

782 3602 923 3664 rat
950 3597 1153 3664 Patr.
1185 3595 1717 3664 Constantinum
1748 3596 2075 3662 callidum
2107 3597 2333 3664 virum
2365 3595 2606 3679 fuisse,
2656 3598 2741 3663 ab
2786 3596 3254 3663 orientalibus

804 3703 1174 3771 haereticis
1218 3702 1505 3790 accepit,
1556 3701 1674 3791 qui
1720 3724 1874 3769 eum
1920 3702 2247 3768 callidum
2306 3701 2731 3789 apellarunt,
2792 3707 2878 3767 ut
2934 3700 3255 3768 Catholi-

805 3832 980 3892 cum,
1016 3814 1090 3875 et
1119 3809 1330 3876 etiam
1376 3808 1685 3896 impium,
1735 3809 1899 3895 quia
1952 3808 2242 3875 Sanctae
2290 3807 2633 3875 Ecclesiae
2687 3813 3054 3895 praecepta
3105 3830 3250 3875 ser-

804 3920 1038 3985 vabat.
1090 3918 1198 3984 Ex
1253 3915 1501 4003 quibus
1561 3913 1873 3980 omnibus
1925 3913 2284 3981 evidenter
2335 3918 2624 4001 apparet
2677 3912 3002 3996 Graecos,
3067 3913 3256 3981 idest

801 4023 1195 4106 Melchitas,
1244 4044 1616 4110 numquam
1660 4043 1860 4088 veros
1906 4021 2321 4088 Antiochiae
2402 4020 2851 4087 Patriarchas
2896 4018 3249 4100 extitisse,

803 4130 921 4196 sed
964 4134 1244 4195 tantum
1268 4126 1656 4195 Maronitas
1685 4131 1842 4216 post
1896 4127 2333 4216 Theophanis
2385 4133 2700 4209 mortem,
2727 4148 2885 4192 nam
2911 4126 3077 4192 huic
3105 4149 3257 4194 suc-

801 4234 1029 4302 cessit.

929 4340 1203 4410 LXIII.
1252 4345 1453 4411 Patr.
1488 4345 1556 4417 S.
1591 4344 1868 4416 Ioannes
1913 4341 2115 4431 Maro,
2149 4345 2222 4407 et
2251 4343 2406 4429 post
2450 4339 2673 4428 ipsum
2720 4338 2870 4406 eius
2900 4361 2985 4406 ex
3015 4361 3255 4406 sorore

803 4468 1008 4536 nepos
1052 4449 1330 4530 Curius,
1367 4454 1440 4515 et
1468 4451 1566 4516 sic
1595 4471 1809 4536 usque
1862 4447 1949 4514 ad
1979 4451 2285 4513 nostram
2316 4449 2640 4530 aetatem;
2674 4444 2800 4512 isti
2844 4448 3073 4511 autem
3116 4443 3252 4512 Pa-

802 4553 1150 4622 triarchae
1195 4578 1241 4622 a
1284 4554 1485 4622 Rom.
1546 4554 1749 4620 Pont.
1817 4552 2204 4620 confirmati
2263 4556 2468 4635 sunt,
2532 4556 2605 4618 et
2651 4570 2911 4638 semper
2954 4548 3030 4615 in
3075 4547 3255 4618 Sede
