3525 5454
1304 473 1374 485 -.
1411 446 1479 499 33
1516 476 1585 486 -

210 538 484 607 cutione
516 540 713 629 quies
742 548 817 610 et
848 566 981 631 pax
1011 544 1178 627 fuit,
1214 551 1500 629 montes,
1536 551 1609 614 et
1639 547 1892 615 Libani
1924 548 2180 616 vicinia
2227 549 2665 637 perlustrans

214 643 285 712 in
326 647 462 715 fide
518 649 814 716 Sanctae
859 650 1230 735 Ecclesiae,
1281 676 1438 720 suos
1481 656 1952 738 confirmabat,
2005 656 2386 723 haereticos
2430 663 2663 725 autem

213 755 302 820 ad
346 756 690 822 veritatis
734 758 1047 823 semitam
1094 780 1441 843 revocare,
1478 761 1877 829 conabatur.
1930 762 2266 830 Coenobia
2310 770 2383 831 et
2429 764 2659 833 Eccle-

212 859 349 924 sias
395 859 741 947 erigebat,
776 864 953 929 etin
984 863 1132 930 illis
1177 864 1578 933 Sacerdotes
1624 871 1698 933 et
1742 866 2046 934 Clericos
2075 868 2464 954 ordinabat;
2501 871 2664 960 Epi-

211 987 441 1053 scopos
471 970 551 1033 et
582 967 1065 1057 Metropolitas
1095 974 1557 1055 consecrabat,
1586 972 1684 1039 eis
1714 973 2064 1040 Dioeceses
2087 973 2422 1058 dividens,
2459 981 2533 1041 et
2576 977 2667 1044 ad

219 1072 441 1140 vitam
487 1076 878 1142 necessaria
923 1076 1304 1165 disponens.
2688 1077 2695 1085 ’

394 1181 758 1249 Marchion
800 1190 896 1252 -et
968 1186 1268 1252 Mericon
1339 1186 1757 1253 Graecorum
1834 1186 2214 1254 exercitum
2289 1209 2502 1275 usque
2581 1188 2670 1255 ad

215 1290 285 1359 S.
351 1292 664 1359 Maronis
710 1293 1141 1375 coenobium,
1192 1315 1342 1359 cum
1388 1293 1748 1361 duxissent
1788 1344 1803 1377 ,
1853 1294 2035 1360 illud
2093 1298 2541 1377 everterunt,
2593 1298 2668 1361 et

216 1398 570 1464 Monachis
618 1399 1031 1482 interfectis,
1084 1400 1533 1487 possessiones
1560 1405 1633 1467 et
1664 1399 2094 1466 substantias
2125 1399 2663 1483 distribuerunt,

218 1508 301 1568 ut
342 1503 497 1570 eius
542 1505 931 1571 memoriam
978 1507 1247 1572 omnino
1286 1506 1617 1574 delerent.
1657 1505 1851 1573 Tunc
1897 1506 2186 1572 Ioannes
2235 1505 2426 1571 Maro
2473 1505 2669 1572 aliud

216 1606 627 1675 coenobium
672 1610 1067 1678 aedificavit
1130 1634 1335 1700 prope
1396 1613 1619 1679 vicum
1679 1611 2119 1679 Chefar-Hai
2179 1611 2253 1678 in
2314 1611 2667 1699 provincia

220 1715 518 1781 Batrun.
594 1716 905 1799 Fertur,
957 1717 1089 1783 huc
1155 1740 1239 1783 ex
1292 1719 1637 1806 Apameae
1714 1717 2176 1800 monasterio,
2242 1719 2667 1784 translatum

218 1820 428 1887 fuisse
499 1821 892 1889 venerabile
942 1820 1016 1889 S.
1080 1824 1385 1891 Maronis
1436 1830 1691 1912 caput,
1745 1828 1820 1892 et
1865 1824 2078 1890 etiam
2131 1824 2206 1889 in
2264 1823 2412 1891 eius
2460 1826 2664 1891 hono-

222 1950 358 1993 rem
385 1929 496 1996 die
523 1932 566 1996 ὅ
590 1929 903 1999 Ianuarii
926 1930 1218 1998 solemne
1242 1934 1495 1999 festum
1525 1932 1737 1999 fuisse
1769 1937 2145 2020 peractum,
2164 1932 2236 1997 in
2262 1953 2393 2019 quo
2419 1931 2493 1997 in
2517 1931 2668 2019 ejus

222 2037 542 2103 honorem
591 2038 820 2105 dicata
864 2039 1010 2104 fuit
1053 2039 1378 2106 Ecclesia.
1409 2039 1509 2105 Ut
1531 2046 1765 2106 autem
1797 2039 2132 2107 celebrior
2171 2038 2380 2104 huius
2426 2036 2667 2105 Sancti

223 2144 546 2210 memoria
577 2144 925 2226 evaderet,
953 2149 1028 2209 et
1051 2152 1381 2232 perpetua
1414 2145 1790 2212 haberetur
1835 2145 1984 2212 eius
2015 2144 2087 2211 in
2134 2143 2346 2231 Syria
2376 2143 2664 2210 mansio·

224 2248 335 2314 nis
366 2250 781 2333 recordatio,
846 2251 1347 2317 Maronitarum
1399 2274 1664 2335 nomen,
1698 2252 1948 2318 Libani
1981 2250 2225 2317 incolis
2271 2250 2664 2337 impositum

222 2354 361 2421 fuit
407 2358 495 2423 ab
524 2358 669 2445 ipso
703 2358 979 2423 Marone
1004 2357 1389 2424 deductum.
1421 2359 1624 2424 Anno
1654 2360 1786 2426 690
1831 2358 2076 2426 Graeci
2109 2357 2195 2423 ab
2239 2358 2664 2445 Imperatore

224 2463 444 2532 Leone
491 2465 964 2546 desciscentes,
1021 2487 1185 2530 naso
1234 2464 1659 2547 mutilatum,
1686 2465 1759 2530 in
1785 2464 2205 2531 Dalmatiam
2236 2463 2507 2530 exulem
2539 2464 2664 2528 mi-

225 2576 490 2653 serunt,
528 2578 604 2638 et
648 2571 795 2637 eius
848 2569 990 2636 loco
1022 2570 1370 2638 Tiberium
1415 2577 1961 2659 assumpserunt.
2001 2569 2146 2636 Hoc
2189 2568 2448 2651 evenit,
2499 2568 2665 2655 quia

231 2675 451 2743 eodem
510 2699 686 2744 anno
718 2677 983 2744 Arabes
1044 2677 1117 2743 in
1168 2678 1476 2745 Africam
1533 2676 1994 2760 transierunt3
2061 2681 2229 2742 tunc
2279 2673 2419 2741 Leo
2473 2674 2647 2762 Imp.

228 2782 540 2849 navalem
569 2783 943 2849 exercitum
986 2783 1335 2870 disponere
1371 2785 1601 2866 iussit,
1620 2790 1702 2849 ut
1732 2783 1833 2849 eis
1863 2782 2117 2849 bellum
2144 2781 2461 2847 inferret.
2519 2781 2662 2846 Hac

229 2909 453 2974 pugna
504 2887 831 2969 confecta,
897 2889 1142 2956 Graeci
1190 2912 1339 2955 cum
1385 2889 1743 2978 profligati
1790 2893 2043 2970 essent,
2079 2887 2654 2973 Constantinopo-

227 2991 344 3057 lim
392 2994 783 3076 redeuntes,
834 3017 1113 3082 gravem
1144 2997 1228 3062 ab
1253 2997 1671 3084 Imperatore
1721 2994 2357 3082 reprehensionem,
2407 2994 2653 3059 timue-

231 3105 415 3164 runt.
452 3100 605 3166 Hac
637 3101 718 3167 de
750 3123 953 3167 causa
997 3125 1150 3169 eum
1195 3101 1475 3169 exulare
1522 3105 1913 3188 coegerunt,
1952 3106 2026 3167 et
2059 3099 2415 3167 Tiberium
2444 3102 2659 3186 Impe-

229 3210 527 3275 ratorem
572 3208 1073 3290 acclamarunt,
1122 3210 1266 3299 qui,
1307 3211 1672 3296 stipendiis
1716 3210 1983 3292 auctis,
2037 3210 2341 3275 militum
2397 3210 2659 3276 animos

229 3313 466 3378 erexit.
529 3316 733 3380 Anno
781 3316 993 3381 tertio
1041 3315 1322 3403 Imperii
1368 3316 1457 3382 ad
1500 3316 1817 3382 Damasci
1863 3317 2339 3403 direptionem,
2389 3321 2464 3382 et
2507 3337 2663 3382 con·

227 3418 340 3481 tra
367 3419 637 3485 Arabes
680 3442 792 3487 eos
824 3422 1033 3500 misit.
1071 3423 1361 3490 Interim
1409 3422 1702 3490 Simeoni
1736 3424 2044 3512 Principi
2075 3423 2349 3504 Libani,
2387 3428 2470 3489 ut
2518 3425 2661 3491 Ma-

234 3525 614 3593 ronitarum
690 3531 1066 3596 exercitum
1134 3531 1233 3595 eis
1303 3529 1799 3617 coniungeret,
1850 3530 2100 3596 literas
2162 3530 2377 3597 dedit.
2433 3531 2650 3614 Tunc,

232 3634 524 3726 undique
557 3637 815 3705 milites
845 3637 1345 3719 convenientes,
1378 3637 1538 3703 bina
1568 3640 1853 3704 centena
1882 3636 2106 3702 millia
2133 3636 2443 3703 Arabum
2486 3637 2652 3702 occi-

232 3739 503 3809 derunt.

353 3849 502 3916 Hac
552 3850 846 3917 victoria
891 3852 1120 3917 laetus
1165 3850 1551 3938 Imperator
1598 3850 1940 3931 Tiberius,
1977 3850 2286 3937 Principi
2320 3849 2649 3932 Simeoni,

231 3953 393 4024 dona
438 3963 517 4026 et
562 3959 848 4026 bonores
894 3959 1189 4043 tribuit;
1242 3958 1688 4025 Patriarchae
1735 3962 1968 4025 autem
2018 3958 2263 4024 Ioanni
2309 3958 2384 4023 in
2429 3957 2657 4023 amici·

233 4062 365 4131 tiae
408 4065 711 4152 signum,
762 4064 1059 4152 regalem
1110 4066 1342 4132 florem
1391 4088 1528 4131 una
1573 4088 1723 4132 cum
1770 4066 1985 4132 nobili
2033 4065 2355 4154 epistola,
2407 4066 2650 4148 misit,

232 4164 299 4231 in
327 4192 460 4257 qua
511 4171 659 4236 eius
712 4171 1206 4255 Beatitudinis,
1244 4176 1317 4236 et
1347 4194 1623 4238 suorum
1675 4171 2161 4239 fortitudinem
2193 4173 2465 4253 laudat,
2504 4195 2656 4238 eum

238 4270 639 4361 deprecans,
688 4282 772 4341 ut
817 4276 930 4341 illi
998 4277 1319 4342 concedat
1388 4282 1534 4342 tres
1579 4277 1767 4343 viros
1815 4277 2175 4344 fidissimos
2203 4327 2221 4357 ‚
2272 4282 2346 4345 et
2395 4278 2659 4343 instru-

236 4383 501 4466 ctos,ad
534 4382 870 4450 velarium
904 4384 1162 4471 proprii
1196 4385 1442 4472 capitis
1473 4383 1932 4466 deferendum,
1954 4385 2136 4452 sicut
2159 4385 2232 4450 in
2261 4385 2411 4451 eius
2445 4386 2660 4452 histo·

241 4486 337 4554 ria
393 4494 713 4557 notatur.
776 4490 969 4556 Tunc
1029 4491 1439 4557 Patriarcha
1496 4491 1644 4556 eius
1705 4491 2034 4579 petitioni
2091 4491 2380 4575 annuit,
2434 4497 2509 4558 et
2574 4513 2663 4559 ex

2434 4599 2478 4666 3
