3525 5454
1879 472 2157 528 —14-

969 576 1170 645 XIX.
1253 577 1449 644 Patr.
1534 576 1815 669 cyrinus
1889 576 2071 643 sedit
2151 576 2234 642 16
2307 597 2421 641 an.
2501 573 2615 641 vel
2691 574 2818 656 15,
2912 579 2987 640 et
3082 575 3264 642 obiit

828 705 945 749 an.
992 685 1145 751 299.

951 790 1109 856 XX.
1177 790 1374 857 Patr.
1454 790 1643 882 Utus,
1693 791 2067 879 Tyrannus
2113 788 2363 869 dictuS‚
2431 786 2613 854 sedit
2676 788 2760 854 13
2806 808 2920 853 an.
2972 786 3084 854 vel
3148 788 3259 854 11.

817 897 1022 963 iuxta
1067 897 1267 976 alios,
1320 902 1393 962 et
1440 897 1616 964 obiit
1661 920 1776 964 an.
1829 898 1980 964 312.

949 1002 1137 1069 XXI.
1214 1003 1410 1070 Patr.
1487 1003 1730 1077 vitalis
1792 1002 1973 1070 sedit
2031 1004 2072 1069 2
2128 1023 2241 1067 an.
2292 1001 2408 1068 vel
2475 1004 2516 1068 6
2579 1001 2782 1069 iuxta
2850 1001 3052 1069 alios.
3129 1002 3267 1070 Hic

816 1108 1096 1198 synodis
1140 1110 1465 1197 Ancyrae
1512 1116 1585 1177 et
1631 1111 2132 1178 Neocaesareae
2178 1107 2535 1189 interfuit,
2587 1112 2662 1175 et
2716 1108 2892 1175 obiit
2941 1130 3056 1175 an.
3107 1094 3260 1177 314.

952 1217 1183 1285 XXII.
1256 1218 1456 1284 Patr.
1510 1218 1576 1292 8.
1623 1216 2039 1311 Philogonius
2086 1212 2268 1281 sedit
2313 1236 2422 1281 an.
2478 1216 2543 1296 5,
2595 1219 2669 1281 et
2713 1215 2888 1281 obiit
2918 1238 3032 1283 an.
3106 1216 3263 1283 319.

949 1322 1227 1391 XXIII.
1281 1323 1475 1388 Patr.
1553 1322 1858 1396 Paulinus
1886 1321 2007 1409 qui
2054 1325 2127 1387 et
2171 1320 2435 1386 Paulus
2479 1320 2660 1387 sedit
2708 1342 2821 1387 an.
2872 1322 2937 1403 5,
2991 1327 3066 1389 et
3096 1322 3275 1388 obiit

819 1452 933 1496 an.
1003 1430 1154 1496 324.
1223 1428 1420 1497 Alibi
1469 1429 1758 1516 legitur,
1810 1451 1920 1495 an.
2003 1428 2132 1495 317
2192 1427 2334 1492 fuit
2395 1426 2680 1509 electus,
2755 1425 2944 1494 sedit
3013 1451 3130 1494 an.
3200 1429 3267 1509 5,

818 1543 893 1605 et
938 1537 1115 1604 obiit
1158 1559 1270 1603 an.
1313 1537 1465 1603 322.

949 1642 1202 1710 XX1V.
1257 1642 1455 1709 Patr.
1531 1642 1597 1713 S.
1652 1641 1999 1714 Eustatius
2061 1640 2353 1728 Magnus
2433 1639 2684 1721 dictuS,
2750 1639 2932 1705 sedit
2995 1640 3081 1707 18
3147 1662 3267 1706 an.

821 1749 933 1817 vel
997 1752 1063 1830 8,
1128 1753 1202 1815 et
1257 1748 1406 1813 eius
1457 1753 1764 1836 tempore
1817 1747 2196 1815 Concilium
2250 1746 2544 1835 primum
2598 1744 2970 1812 Nicaenum
3026 1751 3275 1813 contra

818 1853 1101 1940 impium
1146 1853 1398 1919 Arium
1444 1852 1588 1918 fuit
1631 1852 2075 1934 celebratum,
2128 1852 2476 1940 depositus
2523 1855 2597 1916 et
2654 1850 2727 1915 in
2771 1849 3062 1917 exilium
3116 1851 3273 1939 pul-

817 1982 935 2026 sus
981 1959 1077 2025 ibi
1109 1958 1283 2024 obiit
1313 1980 1423 2024 an.
1465 1960 1619 2026 342.
1655 1959 1797 2026 Ast
1827 1959 1993 2025 alibi
2025 1958 2174 2025 eius
2207 1957 2448 2024 electio
2479 1956 2788 2024 refertur
2819 1955 2907 2023 ad
2937 1978 3049 2023 an.
3107 1958 3266 2041 322,

816 2071 890 2133 et
921 2065 1131 2133 sessio
1161 2088 1274 2131 an.
1330 2066 1415 2132 18
1445 2088 1626 2132 mors
1657 2089 1820 2133 vero
1851 2065 1938 2132 ad
1969 2088 2220 2132 annum
2252 2065 2404 2131 340.
2423 2061 2592 2130 Cum
2622 2062 2784 2130 exul
2815 2070 3021 2147 esset,
3057 2065 3271 2132 Aria-

818 2172 891 2238 ni
941 2171 1157 2238 alium
1226 2171 1705 2239 Patriarcham
1761 2172 2126 2259 elegerunt
2169 2173 2433 2239 nomine
2480 2172 2861 2255 Eulalium,
2914 2172 3270 2241 Arianum

820 2276 941 2364 qui
987 2277 1163 2342 hanc
1208 2276 1429 2343 sedem
1460 2277 1692 2344 tenuit
1723 2300 1899 2343 anno
1931 2278 2085 2360 335,
2122 2283 2197 2344 et
2227 2300 2402 2344 anno
2451 2280 2581 2346 338
2626 2280 2801 2347 obiit
2847 2304 2996 2348 cum
3046 2284 3113 2366 3,
3149 2283 3268 2350 vel

820 2384 927 2450 11.
965 2406 1073 2449 an.
1129 2383 1440 2451 sedisset.
1493 2384 1673 2450 Huic
1703 2384 2028 2451 successit
2056 2384 2523 2472 Euphronius,
2554 2386 2958 2454 Hubrianus
3006 2389 3268 2473 dictus,

817 2489 1085 2576 pariter
1130 2489 1442 2556 Arianus
1510 2488 1630 2576 qui
1697 2489 1878 2555 sedit
1931 2512 2041 2555 an.
2103 2491 2170 2571 2,
2236 2490 2348 2556 vel
2404 2492 2469 2572 8,
2526 2496 2599 2557 et
2644 2513 2819 2559 anno
2867 2495 2998 2563 340
3065 2495 3268 2561 obiit.

814 2596 961 2663 Hoc
1004 2617 1179 2662 anno
1248 2595 1458 2661 etiam
1526 2593 1596 2661 S.
1651 2594 2024 2662 Eustatius
2069 2596 2389 2678 moritur,
2441 2596 2552 2663 vel
2623 2621 2734 2664 an.
2814 2601 2943 2667 342
2990 2605 3076 2666 ut
3136 2599 3276 2668 alii

819 2703 1094 2771 volunt.

950 2810 1173 2878 XXV.
1250 2810 1447 2876 Patr.
1524 2809 1827 2883 Plaoillus
1901 2811 2013 2878 vel
2089 2811 2367 2877 Blasius
2442 2811 2552 2878 vel
2613 2811 2928 2878 Blasitus
2996 2813 3259 2898 dictus,

814 2915 1126 2984 Arianus
1172 2915 1355 2981 sedit
1399 2938 1511 2981 an.
1564 2918 1631 2998 8,
1684 2916 1799 2982 vel
1844 2919 1891 2982 4
1934 2922 2061 2983 aut
2110 2917 2191 2983 12
2240 2917 2440 2984 iuxta
2488 2917 2843 2984 variorum
2886 2918 3270 3005 opiniones,

812 3026 887 3089 et
934 3021 1109 3087 obiit
1154 3043 1267 3086 an.
1321 3020 1478 3088 344.
1530 3020 1799 3088 Exinde
1846 3021 2099 3088 Ariani
2154 3021 2513 3088 victoriam
2545 3024 2973 3111 consequuti,
3009 3024 3270 3093 Antio-

817 3131 1097 3197 chenam
1144 3128 1381 3197 Sedem
1428 3131 1873 3215 occuparunt.

947 3235 1213 3304 XXVI.
1291 3235 1486 3300 Patr.
1562 3234 1928 3324 fluentius,
1998 3234 2329 3301 Stefanus
2384 3235 2633 3318 dictus.⁷
2684 3237 2995 3304 Arianus
3079 3240 3275 3308 sedit

824 3365 931 3408 an.
980 3343 1046 3422 6,
1102 3340 1212 3408 vel
1260 3341 1325 3422 5,
1375 3343 1450 3406 et
1496 3362 1608 3406 an.
1664 3340 1795 3405 350
1841 3338 2035 3405 obiit.

947 3445 1250 3514 XXVII.
1301 3446 1508 3511 Patr:
1550 3446 1676 3518 Leo
1736 3444 2072 3511 Leontius
2124 3446 2374 3530 dictus,
2425 3448 2736 3517 Arianus
2780 3450 3027 3519 sedit&
3052 3452 3167 3521 vel
3193 3457 3266 3538 8,

817 3556 946 3618 aut
976 3552 1017 3617 9
1066 3551 1269 3617 iuxta
1299 3551 1533 3618 varias
1567 3550 1939 3638 opiniones,
1978 3556 2052 3617 et
2096 3574 2204 3618 an.
2247 3554 2375 3620 356
2406 3554 2599 3621 obiit.

943 3656 1291 3726 XXVIII.
1357 3658 1555 3723 Patr.
1630 3657 1957 3731 Eudoxias
2048 3659 2425 3728 Germanae
2496 3662 2870 3752 Episcopus
2945 3667 3269 3736 Arianus

813 3763 998 3831 sedit
1046 3763 1088 3828 3
1133 3785 1247 3829 an.
1299 3762 1413 3830 vel
1461 3764 1526 3829 9.
1576 3764 1782 3829 Anno
1829 3765 1958 3830 359
2005 3763 2666 3855 Constantinopolim
2721 3770 2993 3853 missuS‚
3060 3773 3268 3841 illam

809 3869 1038 3937 sedem
1094 3868 1177 3935 10
1223 3891 1332 3935 an.
1387 3868 1646 3951 tenuit,
1698 3868 1940 3936 deinde
1989 3870 2060 3936 in
2105 3871 2534 3941 Antiocheno
2566 3875 3063 3946 Patriarchatu
3110 3903 3268 3948 suc-

812 3978 1054 4044 cessit.

941 4082 1211 4148 XXIX.
1270 4082 1468 4149 Patr.
1523 4083 1822 4157 Animus
1869 4084 2270 4151 Hadrianus
2316 4087 2524 4153 etiam
2595 4089 3013 4177 appellatus,
3069 4094 3268 4160 Men-

811 4210 939 4254 nae
986 4187 1394 4274 discipulus,
1450 4189 1485 4255 1
1535 4211 1645 4254 an.
1702 4189 1816 4255 vel
1863 4191 1907 4256 4
1952 4189 2134 4257 sedit
2180 4197 2252 4256 et
2299 4214 2406 4258 an.
2463 4194 2593 4260 360
2639 4197 2832 4262 obiit.

937 4291 1165 4359 XXX.
1249 4293 1447 4359 Patr.
1530 4295 1597 4368 S.
1659 4295 1965 4370 Meletius
2028 4299 2148 4385 qui
2240 4304 2312 4366 et
2373 4302 2788 4370 Meletianus
2857 4305 3271 4378 Catholicus

809 4400 929 4474 oui
1004 4421 1118 4464 an.
1168 4399 1252 4465 21
1307 4399 1418 4466 vel
1464 4401 1551 4467 25
1608 4403 1813 4469 sedit.
1865 4405 2009 4471 Hoc
2076 4410 2377 4495 tempore
2446 4412 2808 4478 secundum
2876 4412 3266 4486 Concilium

808 4505 1654 4592 Constantinopolitanum
1701 4514 1943 4577 contra
1988 4511 2454 4580 Macedonium
2500 4517 2919 4586 haereticum
2960 4523 3267 4593 celebra-

810 4621 960 4681 tum
991 4609 1155 4676 fuit.
1196 4611 1389 4678 Obiit
1417 4618 1648 4679 autem
1681 4614 2087 4683 S.Meletius
2110 4640 2224 4684 an.
2255 4620 2380 4688 381
2408 4621 2481 4687 in
2505 4623 2728 4691 eodem
2752 4625 3076 4715 Concili03
3113 4634 3272 4720 pri-
