3525 5454
1356 488 1423 498 -.
1460 461 1493 510 9
1531 486 1603 496 -

389 556 606 623 Liber
636 558 733 624 ΙΙ.
787 558 1284 646 Euchologium
1332 559 1677 627 Ecclesiae
1724 558 2055 646 Syriacae
2100 556 2594 638 Iacobitarum,

394 662 611 729 Liber
641 665 777 733 III.
832 665 1328 752 Euchologium
1376 665 1720 733 Ecclesiae
1752 663 2081 752 Syriacae
2113 661 2712 730 Nestorianorum.

390 772 605 839 Liber
651 774 778 841 IV.
829 773 1325 860 Euchologium
1373 773 1718 840 Ecclesiae
1741 772 2043 840 Graecae
2071 768 2582 835 Melchitarum.

394 877 606 945 Liber
637 878 725 946 V.
777 878 1276 965 Euchologium
1323 878 1669 946 Ecclesiae
1715 879 2201 944 Armenorum.

397 983 613 1050 Liber
643 984 768 1051 VI.
821 984 1320 1072 Euchologium
1378 984 1725 1053 Ecclesiae
1787 983 2263 1071 Aegyptiacae
2328 987 2704 1070 coptorum.

396 1089 610 1155 Liber
621 1088 787 1157 VII.
806 1089 1307 1175 Euchologium
1323 1089 1669 1157 Ecclesiae
1684 1088 2159 1177 Aethyopicae
2175 1086 2680 1176 Abyssinorum
2692 1136 2707 1152 .

399 1195 706 1263 Concilia
752 1195 1098 1262 Ecclesiae
1142 1196 1522 1263 Orientalis
1569 1217 1688 1262 sex
1733 1195 1809 1260 in
1840 1199 2058 1260 tomos
2090 1194 2386 1281 digesta,
2422 1215 2712 1280 quorum

259 1303 568 1392 plurima
613 1302 727 1368 vel
772 1303 1073 1389 integra,
1124 1302 1238 1369 vel
1283 1323 1532 1389 magna
1575 1324 1661 1368 ex
1706 1305 1906 1389 parte
1950 1322 2129 1364 nunc
2174 1298 2466 1387 primum
2498 1298 2572 1363 in
2603 1298 2712 1363 lu-

260 1432 405 1477 cem
454 1415 728 1490 exeunt‚
779 1432 863 1476 ex
907 1411 1398 1497 manuscriptis
1443 1409 1782 1476 codicibus
1812 1408 2304 1475 Orientalibus.

399 1516 588 1582 Tom.
626 1515 690 1580 1.
740 1513 1045 1581 Concilia
1092 1515 1440 1583 Ecclesiae
1486 1516 1817 1601 Syriacae
1863 1513 2390 1581 Maronitarum.

395 1622 561 1688 Tom
572 1670 588 1686 .
606 1621 706 1686 ΙΙ.
721 1621 1027 1688 Concilia
1044 1622 1389 1689 Ecclesiae
1405 1621 1931 1701 Chaldaeorum,
1948 1619 2094 1687 sive
2110 1621 2176 1688 N
2179 1621 2707 1687 estorianorum.

393 1728 589 1794 Tom.
625 1728 764 1795 III.
816 1727 1120 1795 Concilia
1169 1728 1503 1817 Syrorum
1550 1726 2040 1794 Iacobitarum.

395 1833 591 1899 Tom.
626 1833 751 1901 IV.
791 1831 1097 1900 Concilia
1145 1833 1538 1921 Coptorum.

398 1937 589 2003 Tom.
627 1937 715 2005 V.
767 1936 1071 2004 Concilia
1116 1939 1598 2006 Armenorum.

400 2042 590 2108 Tom.
619 2043 746 2111 VI.
783 2042 1087 2110 Concilia
1119 2044 1560 2128 Graecorum,
1594 2046 2048 2128 Albanorum,
2083 2050 2157 2113 et
2186 2045 2692 2113 Ruthenorum.

403 2147 616 2237 Syria
661 2153 865 2217 vetus
910 2154 982 2214 et
1027 2173 1229 2234 nova,
1282 2152 1445 2218 libri
1476 2152 1606 2219 IX.

398 2255 612 2322 Liber
644 2258 703 2322 Ι.
757 2257 1031 2324 Summa
1076 2258 1299 2324 totius
1343 2257 1592 2347 Syriae
1639 2259 2030 2347 descriptio.

398 2359 612 2427 Liber
642 2363 742 2429 II.
795 2362 874 2429 de
908 2361 1289 2429 Palestina.

397 2468 609 2534 Liber
640 2470 757 2537 III
802 2470 884 2536 de
929 2470 1283 2537 Phoenice.

406 2574 621 2641 Liber
651 2575 775 2643 IV.
827 2574 908 2642 de
955 2576 1187 2663 Syria,
1240 2575 1467 2659 Caele,
1519 2576 2008 2663 Euphratesia.

402 2680 616 2748 Liber
644 2681 733 2749 V.
784 2682 862 2749 de
912 2682 1420 2771 Mesopotamia.

391 2787 606 2853 Liber
635 2787 761 2854 VI.
814 2787 893 2854 de
939 2789 1263 2877 Assyria,

397 2892 611 2960 Liber
643 2894 810 2962 VII.
862 2894 943 2960 de
989 2894 1255 2963 Cilicia.

395 2998 607 3065 Liber
635 2999 839 3067 VIII.
892 3001 973 3068 de
1019 3001 1308 3083 Arabia,

393 3104 608 3171 Liber
641 3105 772 3173 IX.
822 3106 901 3173 de
948 3107 1201 3204 Cypro.

390 3211 602 3278 Liber
632 3213 728 3280 II.
763 3219 837 3279 et
868 3213 995 3280 IX.
1033 3237 1184 3281 cum
1217 3216 1436 3283 variis
1466 3215 1878 3303 fragmentis
1934 3220 2318 3283 ceterorum
2373 3217 2711 3284 librorum

255 3341 350 3386 ex
396 3318 708 3385 incendio
754 3321 976 3407 erepti
1024 3325 1273 3387 extant
1318 3322 1498 3409 apud
1543 3321 1898 3389 haeredes.

396 3426 720 3493 Historia
763 3426 1152 3509 orientalis,
1203 3427 1324 3494 lib.
1364 3429 1499 3495 IX.

396 3532 615 3598 Liber
646 3531 704 3598 Ι.
744 3532 826 3598 de
873 3532 1074 3619 Syris
1120 3533 1514 3600 Maronitis.

397 3637 632 3705 Liber.
671 3639 774 3705 II.
825 3638 907 3706 de
953 3639 1236 3707 Graecis
1281 3640 1659 3709 Melchitis.

393 3745 609 3811 Liber
639 3744 777 3813 III.
832 3745 913 3812 de
959 3747 1208 3814 Drusis
1253 3751 1327 3814 et
1369 3748 1766 3816 Nazaraeis.

395 3853 610 3919 Liber
640 3853 764 3921 IV.
819 3852 901 3921 de
948 3854 1470 3921 Mahometanis.

394 3959 607 4025 Liber
636 3960 722 4028 V.
763 3961 843 4027 de
875 3959 1137 4048 Coptis,

399 4064 611 4131 Liber
641 4065 767 4133 VI.
819 4065 900 4131 de
932 4065 1134 4154 Syris
1179 4065 1529 4133 Iacobitis.

399 4171 614 4238 Liber
643 4172 812 4240 VII.
864 4173 945 4241 de
990 4173 1499 4262 Aethyopibus,
1553 4173 1698 4241 sive
1745 4173 2140 4260 Abyssinis.

354 4307 365 4312 ·
395 4281 613 4347 Liber
642 4281 845 4350 VIII.
884 4281 964 4348 de
999 4280 1201 4368 Syris
1247 4280 1709 4348 Nestorianis.

398 4386 615 4453 Liber
646 4387 777 4452 IX.
828 4387 910 4453 de
941 4385 1289 4452 Armenis.

401 4491 826 4558 Dissertatio
873 4491 1261 4579 theologica
1306 4491 1387 4558 de
1436 4491 1812 4559 validitate
1867 4492 2147 4561 Ordinis
2207 4494 2292 4560 ab
2354 4490 2715 4582 Episcopis

260 4596 651 4687 Aegyptiis
694 4597 955 4663 conlati
999 4619 1122 4664 nec
1163 4620 1298 4664 non
1346 4596 1528 4664 aliae
1574 4596 2124 4683 dissertationes,
2159 4598 2716 4680 informationes¹
