3525 5454
1875 451 1941 463 -
1980 424 2014 476 5
2055 453 2119 465 ..-

909 518 1151 586 Oratio
1177 519 1419 587 habita
1440 519 1515 587 in
1538 522 1841 590 Basilica
1862 523 2205 593 Vaticana
2227 526 2337 594 die
2355 528 2444 595 22
2468 526 2838 595 Februarii
2866 528 3039 596 1732
3057 528 3224 595 dum

777 644 825 691 a
846 612 938 691 R.
988 624 1313 713 Capitulo
1357 630 1431 694 et
1475 626 1833 696 Canonicis
1870 631 2197 700 solemnes
2241 635 2567 724 exequiae
2612 635 2971 703 Benedicti
3027 635 3224 705 XIII

780 729 1306 801 celebrarentur
1329 733 1582 802 Romae
1607 758 1691 803 ex
1715 740 2184 828 typographia
2206 741 2617 831 Hieronymi
2641 741 2985 809 Mainardi
3011 743 3210 811 1732.

698 835 991 906 ·in4⁶.

909 943 1149 1012 Oratio
1195 945 1276 1012 de
1322 945 1634 1035 eligendo
1680 949 1950 1018 Summo
1981 951 2312 1019 Pontifice
2352 953 2439 1020 ad
2470 953 2542 1020 S.
2570 953 2661 1020 R.
2690 953 2773 1021 E.
2811 952 3224 1021 cardinales

777 1049 1025 1117 habita
1069 1051 1143 1117 in
1188 1053 1488 1122 Basilica
1538 1054 1878 1126 Vaticana
1923 1058 2030 1127 die
2065 1060 2149 1127 18
2170 1059 2537 1127 Februarii
2571 1060 2763 1127 1740.
2816 1060 3069 1129 Romae
3128 1082 3217 1128 ex

777 1158 1246 1247 typographia
1287 1160 1625 1230 Vaticana
1670 1165 1851 1252 apud
1881 1166 1983 1233 Io.
2012 1166 2301 1233 Mariam
2333 1165 2643 1236 Salvioni
2674 1168 2748 1235 in
2775 1168 2870 1237 4⁰.

908 1261 1280 1331 Clementis
1310 1266 1456 1333 XII
1501 1269 1941 1358 Apostolicae
1987 1271 2297 1355 litterae,
2348 1273 2593 1363 quibus
2638 1276 3211 1362 praescribuntur

776 1364 1058 1455 regulae
1103 1393 1227 1458 pro
1273 1377 1465 1439 recta
1508 1373 2108 1446 administratione
2154 1384 2228 1445 et
2271 1380 2786 1448 conservatione
2850 1382 3033 1449 Bibl.
3069 1383 3214 1451 Va·

774 1473 1045 1541 ticanae
1090 1498 1133 1542 a
1175 1476 1471 1547 Simonio
1517 1481 1888 1550 Assemano
1934 1483 2233 1551 eiusdem
2278 1485 2632 1552 Praefecto
2677 1485 3027 1569 collectae,
3077 1486 3218 1555 Ro-

779 1601 928 1651 mae
960 1587 1131 1654 1739
1175 1587 1370 1676 typis
1411 1589 1772 1657 Vaticanis
1815 1591 1889 1658 in
1918 1593 2010 1660 4⁰.

912 1690 1096 1758 Acta
1138 1694 1645 1762 consistorialia
1707 1695 1948 1764 habita
1991 1698 2102 1766 die
2151 1699 2237 1765 13
2265 1696 2438 1766 Iulii
2472 1700 2666 1768 1744.
2719 1721 2927 1787 quum
2975 1699 3213 1767 Simon

778 1798 1035 1867 Petrus
1080 1799 1384 1868 Evodius
1430 1824 1472 1868 a
1515 1802 1882 1870 Benedicto
1912 1803 2109 1872 XIV.
2142 1804 2617 1871 Antiochenus
2660 1804 3077 1873 Patriarcba
3104 1810 3216 1873 est

776 1902 1216 1972 confirmatus
1260 1930 1399 1975 una
1444 1931 1592 1975 cum
1638 1908 1906 1975 litteris
1949 1909 2249 1976 eiusdem
2294 1910 2744 1979 Patriarcbae
2800 1917 2874 1978 et
2936 1912 3212 2001 Episco-

777 2032 1018 2099 porum
1042 2012 1130 2078 ad
1146 2011 1263 2080 SS.
1292 2015 1383 2081 D.
1408 2015 1496 2082 N.
1525 2014 1778 2083 Bened.
1812 2015 1986 2084 XIV
2006 2016 2255 2083 Romae
2285 2016 2479 2105 typis
2509 2016 2579 2084 S.
2609 2016 2858 2104 Congr.
2888 2017 2972 2085 de
3000 2019 3205 2107 Prop.

777 2112 950 2185 Fide
984 2120 1175 2189 1744.
1229 2120 1304 2187 in
1345 2123 1434 2188 4⁰.

911 2226 1095 2293 Acta
1163 2228 1664 2296 consistorialis
1729 2230 1971 2296 habita
2029 2229 2138 2297 die
2189 2230 2278 2297 26
2320 2229 2726 2298 Novembris
2770 2230 2939 2297 1742
3002 2251 3213 2318 quum

778 2332 1190 2401 Benedictus
1234 2333 1430 2403 XIV.
1495 2334 1927 2403 confirmavit
1988 2335 2383 2404 electionem
2445 2337 2642 2404 Petri
2701 2337 3072 2405 Vartabiet
3132 2340 3209 2405 in

777 2438 1255 2507 Patriarcham
1301 2442 1669 2511 Armeniae
1712 2441 1996 2509 minoris
2018 2447 2091 2510 et
2114 2443 2420 2524 Ciliciae,
2471 2444 2665 2533 eique
2711 2443 3014 2511 Pallium
3059 2465 3212 2512 con·

778 2544 1009 2628 cessit,
1058 2546 1309 2614 Romae
1356 2550 1550 2640 typis
1593 2548 1669 2616 S.
1703 2548 1911 2636 Cong.
1952 2548 2031 2615 de
2069 2551 2271 2638 Prop.
2309 2549 2479 2618 Fide
2512 2551 2710 2618 1742.
2744 2550 2819 2617 in
2846 2553 2940 2620 4⁰.

912 2652 1097 2719 Acta
1141 2652 1647 2722 consistorialia
1699 2656 1942 2722 habita
1998 2657 2087 2724 28
2145 2655 2392 2723 Martii
2425 2657 2599 2724 1757
2656 2680 2863 2748 quum
2923 2657 3211 2725 Benedi-

781 2761 936 2826 ctus
966 2761 1159 2830 XIV.
1212 2762 1493 2829 Tobiam
1529 2763 1925 2852 (Gazenum)
1965 2764 2256 2832 electum
2286 2765 2764 2833 Patriarcham
2796 2765 3213 2833 Antiochiae

778 2864 1238 2950 confirmavit,
1285 2872 1361 2934 et
1390 2869 1618 2936 Pallio
1650 2869 1960 2953 donavit,
1998 2869 2251 2937 Romae
2282 2870 2477 2959 typis
2505 2869 2575 2937 S.
2607 2869 2855 2958 Congr.
2885 2869 2969 2937 de
2999 2870 3203 2960 Prop.

777 2969 951 3039 Fide
986 2973 1179 3042 1757.
1230 2974 1303 3040 in
1332 2975 1422 3044 4⁰.

909 3075 1183 3166 Iosephi
1224 3079 1510 3148 Simonii
1554 3081 1915 3149 Assemani
1960 3081 2268 3171 Regulae
2331 3088 2405 3151 et
2464 3082 3013 3150 constitutiones
3073 3106 3216 3151 mo·

777 3186 1147 3254 nachorum
1192 3186 1528 3276 Syrorum
1573 3188 2075 3256 Maronitarum
2121 3188 2401 3257 Ordinis
2444 3187 2520 3255 S.
2570 3188 2867 3254 Antonii
2912 3188 3214 3255 Abbatis

778 3307 972 3378 cong.
1010 3292 1546 3360 Montis-Libani
1600 3295 1868 3362 arabice
1926 3300 2001 3362 et
2067 3294 2308 3375 latine,
2373 3293 2856 3382 praemittitur
2915 3292 3214 3382 epistola

781 3403 1054 3470 arabica
1097 3403 1185 3470 ad
1228 3402 1563 3471 Abbatem
1609 3403 2012 3472 Generalem
2038 3407 2111 3470 et
2132 3401 2493 3468 Monachos
2538 3402 2619 3468 de
2650 3400 2750 3468 ori
2757 3400 2914 3488 gine
2948 3407 3021 3468 et
3050 3423 3208 3490 pro-

779 3529 1021 3599 gressu
1077 3510 1373 3578 eiusdem
1436 3509 1697 3576 ordinis
1761 3509 1837 3575 in
1903 3507 2138 3596 Syria,
2202 3514 2276 3575 et
2335 3507 2568 3574 Monte
2628 3505 2892 3572 Libano
2956 3506 3215 3574 Romae

783 3615 980 3705 typis
1023 3617 1218 3683 Petri
1264 3615 1467 3683 Ferri
1502 3618 1695 3684 1735.
1732 3616 1807 3682 in
1835 3602 1934 3683 4⁰:

888 3727 895 3734 '
914 3719 1234 3791 Eiusdem
1261 3722 1556 3812 epistola
1577 3721 1853 3789 arabica
1875 3722 1963 3789 ad
1983 3722 2320 3789 Abbatem
2345 3719 2744 3789 Generalem
2760 3723 2834 3786 et
2847 3717 3215 3786 Monachos

782 3822 1165 3896 Maronitas
1183 3850 1373 3915 cong.
1391 3825 1458 3894 S.
1490 3827 1714 3894 Isaiae
1736 3827 1816 3894 de
1848 3827 2112 3914 origine
2137 3827 2618 3893 Monachorum
2642 3823 3210 3893 Montis-Libani.

783 3931 1037 4002 Romae
1083 3957 1167 4002 ex
1210 3933 1675 4023 typographia
1721 3933 2004 4002 Ioannis
2060 3932 2320 4000 Mariae
2382 3930 2695 3999 Salvioni
2728 3930 2926 3997 1741.
2990 3929 3065 3996 in
3112 3931 3212 3997 θ’.

912 4040 1234 4109 Eiusdem
1258 4040 1549 4127 epistola
1579 4038 1666 4106 ad
1688 4040 2130 4108 Abbatissam
2155 4044 2227 4105 et
2251 4037 2817 4107 Sanctimoniales
2839 4036 3214 4111 Melchitas

776 4144 1057 4214 Ordinis
1099 4145 1170 4214 S.
1205 4144 1454 4213 Basilii
1508 4146 1693 4216 ritus
1749 4145 2022 4228 Graeci,
2091 4145 2173 4211 de
2233 4145 2498 4233 origine
2566 4142 3210 4211 Sanctimonialium

778 4253 1292 4324 Basilianarum
1316 4253 1391 4319 in
1433 4252 1645 4341 Syria
1674 4258 1749 4318 et
1779 4251 2329 4335 Monte-LibanO,
2364 4250 2617 4318 Romae
2649 4250 2843 4339 typis
2883 4249 2952 4317 S.
2991 4249 3212 4338 Cong.

779 4355 863 4426 de
909 4355 1110 4447 Prop.
1146 4357 1316 4426 Fide
1350 4359 1545 4426 1764.
1595 4357 1669 4428 in
1712 4358 1783 4428 4.

913 4463 1342 4533 Kalendaria
1385 4462 1728 4532 Ecclesiae
1775 4463 2179 4546 Universae,
2229 4463 2303 4530 in
2333 4463 2580 4551 quibus
2606 4486 2693 4530 ex
2731 4462 3209 4547 marmoribus,

779 4571 1144 4656 codicibus,
1194 4571 1534 4640 tabulis...
1603 4572 2010 4641 Sanctorum
2067 4570 2362 4655 nomina,
2427 4570 2781 4658 imagines,
2844 4569 3007 4638 festi
3066 4567 3217 4638 dies
