3525 5454
102 5039 133 5058 ,,

576 5237 581 5248 .

238 5037 701 5335 XU

1840 435 1911 445 -
1949 406 2023 459 34
2060 434 2126 445 -

778 507 943 575 istis
1010 506 1189 576 viris
1245 506 1481 595 plures
1517 557 1533 589 ,
1605 529 1728 596 pro
1790 507 2196 591 Maronitis,
2247 506 2602 596 Principes
2664 507 3011 575 exierunt.
3088 506 3254 575 Ma·-

782 611 966 682 ximo
988 662 1003 693 ,
1056 612 1181 679 isti
1226 613 1371 680 zelo
1431 617 1505 680 et
1564 617 1911 702 potestate
1957 617 2162 681 erant
2205 612 2548 703 praediti3
2597 614 2910 681 Patriam
2970 618 3048 680 et
3093 635 3250 679 ma·

786 718 890 786 ris
972 719 1224 786 littora
1281 719 1784 802 defenderunt,
1844 725 2038 789 terra
2098 720 2431 809 promissa
2501 743 2716 809 usque
2775 721 2864 788 ad
2924 726 3252 787 sanctam

787 825 1148 893 civitatem
1180 831 1346 893 sunt
1369 826 1581 914 potiti
1612 831 1686 894 et
1716 827 1806 894 ad
1836 849 1982 894 eam
2015 827 2467 909 invisendam,
2496 826 2803 893 homines
2831 849 3059 893 secum
3106 825 3244 893 du·

788 934 1052 1001 cebant.
1105 932 1401 1019 Propter
1447 933 1595 1015 hoc,
1646 932 1982 1001 invidiam
2028 935 2448 1002 Graecorum
2494 932 2884 1013 subierunt,
2933 930 3056 1020 qui
3101 931 3250 997 Pa-

788 1037 1137 1103 triarchae
1182 1036 1813 1127 Hierosolymitano
1845 1061 1964 1127 per
2010 1038 2375 1128 epistolam
2408 1038 2935 1119 renuntiarunt,
2970 1039 3245 1126 absque

789 1146 938 1213 eius
982 1168 1264 1213 assensu
1294 1145 1667 1213 Dioecesim
1701 1168 1853 1213 cum
1882 1145 2068 1227 aliis,
2105 1146 2278 1213 istos
2331 1145 2680 1212 introisse.
2719 1146 2861 1211 Ast
2912 1143 3245 1210 Patriar-

790 1251 941 1334 cha,
978 1251 1105 1318 has
1136 1256 1378 1318 contra
1422 1251 1809 1318 Maronitas
1837 1251 2305 1319 accusationes
2349 1275 2482 1319 non
2512 1250 2821 1333 admisit,
2856 1250 3021 1338 quia
3053 1249 3256 1316 satis

790 1359 856 1429 ei
910 1365 1077 1426 nota
1127 1363 1284 1426 erat
1344 1359 1798 1426 Patriarchae
1879 1357 2257 1425 Sanctitas.
2295 1359 2493 1425 Inter
2540 1359 2706 1425 haec
2728 1408 2744 1440 ,
2792 1356 3252 1424 lastinianus

788 1465 1038 1552 absque
1094 1487 1296 1545 naso,
1348 1464 1544 1531 exilii
1588 1468 1934 1552 tempore,
1985 1487 2106 1553 per
2166 1464 2493 1553 epistolas
2560 1464 2938 1552 Bulgariae
3008 1463 3250 1551 Regis

790 1570 1132 1639 auxilium
1176 1593 1504 1658 quaerere
1548 1593 1682 1638 non
1728 1571 2051 1653 cessavit,
2094 1594 2307 1661 usque
2356 1571 2514 1639 dum
2560 1570 3242 1660 Constantinopolim

790 1683 1106 1767 repetens
1150 1701 1348 1745 anno.
1403 1678 1556 1760 703,
1606 1678 1832 1746 Leone
1908 1682 1982 1743 et
2027 1677 2299 1744 Tiberio
2368 1677 2783 1759 interfectis,
2842 1678 3058 1744 denuo
3103 1678 3246 1744 Im-

790 1787 979 1876 perio
1013 1787 1271 1854 Graeco
1302 1786 1571 1873 potitus
1601 1789 1729 1852 est.
1770 1784 2039 1852 Exinde
2070 1786 2486 1854 Graecorum
2518 1785 2781 1852 invidia
2809 1786 3241 1874 augebatur,

794 1900 881 1962 ut
909 1918 993 1961 ex
1025 1893 1325 1961 historia
1357 1892 1744 1979 colligitur,
1792 1896 1865 1960 et
1911 1892 2258 1959 Maronem
2304 1891 2662 1959 materiali
2707 1892 2781 1961 vi
2828 1893 3246 1980 persequuti

794 2007 983 2070 sunt.
1030 2001 1176 2068 Ast
1219 2000 1403 2067 Deus
1450 2000 1533 2065 ab
1578 1999 1739 2066 istis
1784 1999 2142 2082 barbaris,
2192 1999 2414 2067 totius
2461 1997 2653 2067 vitae
2699 2003 3026 2086 tempore,
3077 2020 3242 2065 eum

793 2108 1197 2176 incolumem
1231 2106 1566 2174 servavit.
1598 2105 1774 2172 Nam
1798 2104 1938 2172 viri
1963 2103 2209 2187 invidi,
2238 2104 2571 2172 adversus
2615 2104 3121 2180 Patriarcham,
3155 2109 3252 2171 et

793 2215 1298 2284 Maronitarum
1327 2217 1625 2301 gentem,
1653 2211 2070 2300 Imperatori
2107 2211 2576 2279 accusationes
2600 2212 3035 2280 obtulerunt:
3063 2232 3242 2298 qua-

789 2343 944 2387 rum
990 2320 1210 2407 prima
1240 2318 1385 2385 fuit
1413 2341 1524 2386 eos
1577 2317 1995 2387 Graecorum
2048 2318 2445 2405 Principum
2475 2318 2687 2386 fuisse
2719 2319 3240 2386 interfectores.

790 2421 923 2491 Sed
992 2423 1377 2510 Imperator
1445 2419 2112 2508 Constantinopolim
2173 2419 2482 2503 rediens,
2557 2420 2855 2507 resipuit
2886 2470 2901 2501 ,
2953 2426 3027 2486 et
3101 2420 3238 2487 Ec-

789 2528 1034 2597 clesiae
1079 2526 1424 2593 Romanae
1456 2525 1655 2593 fidem
1701 2524 1957 2591 iterum
2004 2525 2323 2612 suscepit.
2363 2525 2463 2592 Et
2506 2524 2826 2613 quoniam
2858 2523 3229 2591 Constant.

791 2632 1203 2700 Patriarcha
1247 2654 1476 2721 pacem
1521 2631 1710 2697 inter
1754 2630 1952 2698 Rom.
2006 2631 2405 2699 Pontificem
2450 2637 2524 2698 et
2580 2632 3075 2718 Imperatorem
3122 2628 3232 2696 di-

792 2764 1106 2830 rumpere
1152 2741 1478 2823 volebat,
1536 2740 1804 2806 effossis
1849 2739 2112 2821 oculis,
2170 2744 2243 2804 et
2289 2739 2599 2806 vinctum
2674 2737 2958 2803 Romam
3005 2735 3232 2801 misit.

794 2847 966 2917 Cum
1012 2851 1180 2913 tunc
1223 2846 1549 2934 temporis
1593 2845 1945 2910 Romanus
2004 2845 2330 2912 Pontifex
2390 2844 2615 2933 Syrus
2665 2850 2869 2926 esset,
2920 2842 3252 2910 Patriar-

799 2952 927 3021 cha
974 2953 1168 3019 Maro
1224 2951 1446 3040 magis
1493 2951 1741 3033 fidens,
1792 2950 2097 3038 suipsius
2155 2958 2230 3018 et
2271 2950 2688 3019 Antiochiae
2751 2957 3017 3021 statum
3049 3003 3065 3035 ,
3114 2975 3258 3021 nec

790 3085 925 3130 non
971 3066 1047 3129 et
1090 3060 1586 3129 habitationem
1632 3059 1707 3127 in
1751 3065 1981 3128 monte
2027 3059 2315 3142 Libano,
2353 3061 2478 3127 sub
2508 3059 2844 3129 Simeonis
2887 3066 2961 3127 et
3006 3061 3238 3128 Maro·

791 3169 1102 3237 nitarum
1148 3165 1595 3256 protectione,
1645 3165 1721 3232 in
1768 3165 2063 3254 epistola
2107 3165 2448 3255 exposuit.
2499 3165 2854 3249 Pontifex,
2889 3166 3114 3234 adhuc
3160 3166 3241 3232 in

787 3278 1052 3344 Libano
1083 3273 1477 3356 consistere,
1512 3272 1586 3340 in
1618 3273 2049 3361 responsione
2080 3295 2232 3340 eum
2264 3272 2698 3355 adhortavit,
2741 3277 2813 3340 et
2838 3272 3253 3360 frequentes

790 3392 877 3451 ab
920 3405 996 3451 eo
1042 3380 1371 3469 epistolas
1415 3379 1740 3467 accipere,
1806 3385 2087 3466 gratum
2119 3378 2249 3446 sibi
2295 3402 2441 3447 esse
2488 3379 3013 3448 demonstravit.
3052 3379 3239 3447 Dum

702 3579 709 3586 ἱ
789 3489 986 3556 Patr.
1017 3487 1090 3552 in
1114 3485 1378 3552 Libano
1402 3489 1581 3567 erat,
1612 3484 1909 3551 rituales
1933 3484 2172 3567 libros,
2200 3491 2274 3553 et
2292 3487 2887 3574 Sacramentorum
2932 3485 3244 3552 admini—

790 3595 1199 3665 strationem
1222 3615 1298 3660 eo
1320 3593 1510 3659 modo
1536 3592 1900 3680 disposuit,
1917 3594 2036 3682 qui
2052 3594 2234 3681 apud
2250 3593 2633 3660 Maronitas
2655 3614 2869 3681 usque
2887 3591 2978 3658 ad
2994 3595 3242 3657 nostra

791 3709 1100 3790 tempora
1135 3698 1352 3786 viget.
1396 3697 1557 3765 Ideo
1610 3702 1842 3767 autem
1889 3699 2015 3765 hoc
2058 3699 2230 3786 egit,
2280 3705 2365 3763 ut
2409 3699 2493 3765 ab
2540 3697 2701 3764 aliis
2724 3697 3242 3785 distingueren-

790 3813 941 3892 tur,
990 3812 1063 3873 et
1103 3805 1323 3892 magis
1367 3804 1709 3874 Romanae
1754 3805 2103 3874 Ecclesiae
2133 3805 2616 3873 adhaererent.
2646 3807 3016 3894 Postquam
3063 3807 3240 3890 Deo,

790 3915 937 3983 zelo
982 3917 1057 3981 et
1101 3912 1258 3994 fide,
1306 3911 1636 3979 servisset
1666 3961 1682 3994 ,
1731 3917 1808 3979 et
1852 3911 2177 4000 populum
2246 3935 2482 3996 suum,
2534 3918 2619 3979 ut
2662 3914 2875 3980 bonus
2932 3911 3183 3978 Pastor
3215 3962 3233 3996 ,

789 4018 1053 4107 viginti
1099 4021 1176 4086 et
1220 4016 1478 4084 duobus
1516 4018 1738 4099 annis,
1784 4022 2284 4104 gubernasset,
2341 4040 2427 4085 ex
2481 4019 2607 4085 hac
2650 4017 2903 4085 misera
2933 4023 3006 4085 et
3057 4040 3240 4085 mor-

801 4123 938 4194 tali
970 4124 1148 4206 vita,
1183 4123 1272 4190 ad
1295 4126 1644 4190 aeternam
1677 4127 1750 4189 et
1773 4123 2142 4211 gloriosam
2173 4124 2534 4212 migravit,
2572 4127 2656 4195 ab
2687 4127 2827 4196 Illo
2858 4127 3239 4216 praemium

793 4233 1202 4317 accepturus
1225 4250 1268 4294 a
1293 4251 1426 4317 quo
1451 4227 1799 4316 spiritalis
1832 4227 2075 4298 vineae
2105 4230 2408 4298 cultores
2439 4232 2711 4302 uberem
2742 4233 3112 4300 mercedem
3137 4233 3238 4300 la-

789 4335 975 4404 boris
999 4332 1365 4421 recipiunt,
1386 4332 1535 4404 eius
1558 4357 1741 4402 mors
1766 4333 1911 4402 fuit
1928 4333 2039 4410 die
2061 4337 2103 4403 9
2125 4335 2492 4405 Februarii
2516 4359 2627 4404 an.
2654 4337 2806 4405 707.
2829 4336 2903 4403 in
2919 4337 2991 4405 S.
3009 4336 3239 4405 Maro·

793 4444 905 4511 nis
927 4438 1235 4509 coenobio
1257 4439 1333 4506 in
1353 4463 1529 4531 pago
1553 4440 1980 4512 Chefar-hai.
1999 4439 2069 4509 S.
2092 4441 2542 4510 Patriarchae
2565 4442 2821 4510 festum
2845 4443 3250 4511 Maronitae

795 4549 908 4619 die
928 4545 1278 4617 transitus
1300 4547 1449 4618 eius
1471 4549 1846 4621 celebrant.
1873 4548 2044 4617 Post
2065 4548 2213 4617 eius
2234 4553 2520 4617 mortem
2570 4550 2916 4642 Episcopi,
2938 4550 3245 4642 Presby-
