<?xml version="1.0" encoding="UTF-8"?>
<!DOCTYPE html PUBLIC "-//W3C//DTD XHTML 1.0 Transitional//EN"
    "http://www.w3.org/TR/xhtml1/DTD/xhtml1-transitional.dtd">
<html xmlns="http://www.w3.org/1999/xhtml" xml:lang="en" lang="en">
 <head>
  <title>
</title>
<meta http-equiv="Content-Type" content="text/html;charset=utf-8" />
  <meta name='ocr-system' content='tesseract 3.04.00' />
  <meta name='ocr-capabilities' content='ocr_page ocr_carea ocr_par ocr_line ocrx_word'/>
</head>
<body>
  <div class='ocr_page' id='page_1' title='image "./serieschronolog00vatigoog_0025.png"; bbox 0 0 3525 5454; ppageno 0'>
   <div class='ocr_carea' id='block_1_1' title="bbox 225 544 2695 3078">
    <p class='ocr_par' dir='ltr' id='par_1_1' title="bbox 225 544 2692 2641">
     <span class='ocr_line' id='line_1_1' title="bbox 232 544 2686 638; baseline -0.003 -23"><span class='ocrx_word' id='word_1_1' title='bbox 232 570 389 616; x_wconf 87' lang='lat' dir='ltr'><strong>esse</strong></span> <span class='ocrx_word' id='word_1_2' title='bbox 434 571 626 638; x_wconf 90' lang='lat' dir='ltr'><strong>opus,</strong></span> <span class='ocrx_word' id='word_1_3' title='bbox 686 549 796 615; x_wconf 90' lang='lat' dir='ltr'><strong>cui</strong></span> <span class='ocrx_word' id='word_1_4' title='bbox 861 548 1122 616; x_wconf 89' lang='lat' dir='ltr'><strong>titulus</strong></span> <span class='ocrx_word' id='word_1_5' title='bbox 1173 578 1204 613; x_wconf 91' lang='grc' dir='ltr'><strong>ιι</strong></span> <span class='ocrx_word' id='word_1_6' title='bbox 1239 550 1648 617; x_wconf 86' lang='lat' dir='ltr'><strong>kalendaria</strong></span> <span class='ocrx_word' id='word_1_7' title='bbox 1704 546 2047 617; x_wconf 80' lang='lat' dir='ltr'><strong>Ecclesiae</strong></span> <span class='ocrx_word' id='word_1_8' title='bbox 2108 544 2487 611; x_wconf 77' lang='lat' dir='ltr'>Universae</span> <span class='ocrx_word' id='word_1_9' title='bbox 2525 569 2556 603; x_wconf 84' lang='lat' dir='ltr'><strong>n</strong></span> <span class='ocrx_word' id='word_1_10' title='bbox 2608 548 2686 609; x_wconf 92' lang='lat' dir='ltr'><strong>et</strong></span> 
     </span>
     <span class='ocr_line' id='line_1_2' title="bbox 233 652 2686 746; baseline -0.001 -25"><span class='ocrx_word' id='word_1_11' title='bbox 233 655 772 745; x_wconf 87' lang='lat' dir='ltr'><strong>compilaturum</strong></span> <span class='ocrx_word' id='word_1_12' title='bbox 817 680 984 745; x_wconf 90' lang='lat' dir='ltr'><strong>opus</strong></span> <span class='ocrx_word' id='word_1_13' title='bbox 1033 686 1064 720; x_wconf 91' lang='grc' dir='ltr'><strong>ιι</strong></span> <span class='ocrx_word' id='word_1_14' title='bbox 1099 658 1179 725; x_wconf 91' lang='lat' dir='ltr'><strong>de</strong></span> <span class='ocrx_word' id='word_1_15' title='bbox 1227 658 1641 746; x_wconf 76' lang='lat' dir='ltr'><strong>imaginibus</strong></span> <span class='ocrx_word' id='word_1_16' title='bbox 1677 684 1707 718; x_wconf 82' lang='lat' dir='ltr'><strong>n</strong></span> <span class='ocrx_word' id='word_1_17' title='bbox 1761 659 1844 724; x_wconf 92' lang='lat' dir='ltr'><strong>In</strong></span> <span class='ocrx_word' id='word_1_18' title='bbox 1890 658 2024 722; x_wconf 89' lang='lat' dir='ltr'><strong>fine</strong></span> <span class='ocrx_word' id='word_1_19' title='bbox 2084 658 2317 721; x_wconf 81' lang='lat' dir='ltr'><strong>autem</strong></span> <span class='ocrx_word' id='word_1_20' title='bbox 2378 652 2686 720; x_wconf 80' lang='lat' dir='ltr'><strong>chronici</strong></span> 
     </span>
     <span class='ocr_line' id='line_1_3' title="bbox 231 758 2678 831; baseline -0.001 -5"><span class='ocrx_word' id='word_1_21' title='bbox 231 760 609 828; x_wconf 87' lang='lat' dir='ltr'><strong>orientalis</strong></span> <span class='ocrx_word' id='word_1_22' title='bbox 653 761 824 828; x_wconf 90' lang='lat' dir='ltr'><strong>dicit</strong></span> <span class='ocrx_word' id='word_1_23' title='bbox 875 790 906 825; x_wconf 91' lang='grc' dir='ltr'><strong>ιι</strong></span> <span class='ocrx_word' id='word_1_24' title='bbox 940 766 1026 831; x_wconf 91' lang='lat' dir='ltr'><strong>In</strong></span> <span class='ocrx_word' id='word_1_25' title='bbox 1071 762 1295 830; x_wconf 89' lang='lat' dir='ltr'><strong>animo</strong></span> <span class='ocrx_word' id='word_1_26' title='bbox 1338 762 1576 830; x_wconf 87' lang='lat' dir='ltr'><strong>fuerat</strong></span> <span class='ocrx_word' id='word_1_27' title='bbox 1620 762 1797 830; x_wconf 89' lang='lat' dir='ltr'><strong>alias</strong></span> <span class='ocrx_word' id='word_1_28' title='bbox 1843 759 2366 828; x_wconf 74' lang='lat' dir='ltr'><strong>dissertationes</strong></span> <span class='ocrx_word' id='word_1_29' title='bbox 2399 758 2678 824; x_wconf 91' lang='lat' dir='ltr'><strong>subiun-</strong></span> 
     </span>
     <span class='ocr_line' id='line_1_4' title="bbox 236 861 2682 957; baseline -0.001 -28"><span class='ocrx_word' id='word_1_30' title='bbox 236 893 272 929; x_wconf 80' lang='grc' dir='ltr'><strong>ιι</strong></span> <span class='ocrx_word' id='word_1_31' title='bbox 308 888 476 954; x_wconf 88' lang='lat' dir='ltr'><strong>gere</strong></span> <span class='ocrx_word' id='word_1_32' title='bbox 524 867 604 937; x_wconf 80' lang='lat' dir='ltr'><strong>(le</strong></span> <span class='ocrx_word' id='word_1_33' title='bbox 649 867 1082 935; x_wconf 86' lang='lat' dir='ltr'><strong>Patriarchis</strong></span> <span class='ocrx_word' id='word_1_34' title='bbox 1126 868 1329 957; x_wconf 84' lang='lat' dir='ltr'><strong>Syris</strong></span> <span class='ocrx_word' id='word_1_35' title='bbox 1375 868 1750 950; x_wconf 88' lang='lat' dir='ltr'><strong>Melchitis,</strong></span> <span class='ocrx_word' id='word_1_36' title='bbox 1786 864 2178 946; x_wconf 74' lang='lat' dir='ltr'><strong>MaronitiS,</strong></span> <span class='ocrx_word' id='word_1_37' title='bbox 2213 861 2682 944; x_wconf 87' lang='lat' dir='ltr'><strong>Nestorianis,</strong></span> 
     </span>
     <span class='ocr_line' id='line_1_5' title="bbox 235 970 2690 1063; baseline 0 -27"><span class='ocrx_word' id='word_1_38' title='bbox 235 1000 270 1035; x_wconf 81' lang='grc' dir='ltr'><strong>ιι</strong></span> <span class='ocrx_word' id='word_1_39' title='bbox 308 973 528 1062; x_wconf 83' lang='lat' dir='ltr'><strong>deque</strong></span> <span class='ocrx_word' id='word_1_40' title='bbox 574 973 921 1057; x_wconf 88' lang='lat' dir='ltr'><strong>Armenis,</strong></span> <span class='ocrx_word' id='word_1_41' title='bbox 973 973 1405 1062; x_wconf 81' lang='lat' dir='ltr'><strong>Georgianis,</strong></span> <span class='ocrx_word' id='word_1_42' title='bbox 1454 980 1663 1063; x_wconf 90' lang='lat' dir='ltr'><strong>atque</strong></span> <span class='ocrx_word' id='word_1_43' title='bbox 1724 972 2235 1061; x_wconf 76' lang='lat' dir='ltr'><strong>AethyopibnS,</strong></span> <span class='ocrx_word' id='word_1_44' title='bbox 2299 994 2421 1038; x_wconf 91' lang='lat' dir='ltr'><strong>seu</strong></span> <span class='ocrx_word' id='word_1_45' title='bbox 2479 970 2690 1037; x_wconf 92' lang='lat' dir='ltr'><strong>Abis-</strong></span> 
     </span>
     <span class='ocr_line' id='line_1_6' title="bbox 231 1078 2686 1172; baseline -0.001 -27"><span class='ocrx_word' id='word_1_46' title='bbox 231 1109 265 1143; x_wconf 90' lang='grc' dir='ltr'><strong>ιι</strong></span> <span class='ocrx_word' id='word_1_47' title='bbox 304 1082 510 1164; x_wconf 88' lang='lat' dir='ltr'><strong>sinis,</strong></span> <span class='ocrx_word' id='word_1_48' title='bbox 560 1104 683 1148; x_wconf 91' lang='lat' dir='ltr'><strong>nec</strong></span> <span class='ocrx_word' id='word_1_49' title='bbox 697 1081 863 1172; x_wconf 57' lang='lat' dir='ltr'><strong>{non</strong></span> <span class='ocrx_word' id='word_1_50' title='bbox 910 1081 1152 1148; x_wconf 89' lang='lat' dir='ltr'><strong>seriem</strong></span> <span class='ocrx_word' id='word_1_51' title='bbox 1198 1082 1694 1171; x_wconf 78' lang='lat' dir='ltr'><strong>historiamque</strong></span> <span class='ocrx_word' id='word_1_52' title='bbox 1740 1080 1947 1170; x_wconf 90' lang='lat' dir='ltr'><strong>paulo</strong></span> <span class='ocrx_word' id='word_1_53' title='bbox 1996 1078 2429 1166; x_wconf 90' lang='lat' dir='ltr'><strong>diligentius,</strong></span> <span class='ocrx_word' id='word_1_54' title='bbox 2482 1099 2686 1165; x_wconf 86' lang='lat' dir='ltr'><strong>quam</strong></span> 
     </span>
     <span class='ocr_line' id='line_1_7' title="bbox 231 1186 2689 1277; baseline 0.001 -29"><span class='ocrx_word' id='word_1_55' title='bbox 231 1214 266 1248; x_wconf 91' lang='grc' dir='ltr'><strong>ιι</strong></span> <span class='ocrx_word' id='word_1_56' title='bbox 303 1186 381 1252; x_wconf 90' lang='lat' dir='ltr'><strong>in</strong></span> <span class='ocrx_word' id='word_1_57' title='bbox 431 1187 746 1255; x_wconf 89' lang='lat' dir='ltr'><strong>chronico</strong></span> <span class='ocrx_word' id='word_1_58' title='bbox 790 1193 1170 1255; x_wconf 80' lang='lat' dir='ltr'><strong>tractatam</strong></span> <span class='ocrx_word' id='word_1_59' title='bbox 1218 1188 1657 1257; x_wconf 84' lang='lat' dir='ltr'><strong>Chalifarum</strong></span> <span class='ocrx_word' id='word_1_60' title='bbox 1720 1189 2122 1277; x_wconf 86' lang='lat' dir='ltr'><strong>Regumque</strong></span> <span class='ocrx_word' id='word_1_61' title='bbox 2177 1187 2689 1253; x_wconf 89' lang='lat' dir='ltr'><strong>Mahometano-</strong></span> 
     </span>
     <span class='ocr_line' id='line_1_8' title="bbox 231 1293 2679 1383; baseline 0 -28"><span class='ocrx_word' id='word_1_62' title='bbox 231 1321 266 1355; x_wconf 97' lang='grc' dir='ltr'><strong>ιι</strong></span> <span class='ocrx_word' id='word_1_63' title='bbox 305 1316 493 1377; x_wconf 90' lang='lat' dir='ltr'><strong>rum,</strong></span> <span class='ocrx_word' id='word_1_64' title='bbox 542 1316 585 1361; x_wconf 86' lang='lat' dir='ltr'><strong>a</strong></span> <span class='ocrx_word' id='word_1_65' title='bbox 634 1293 1008 1362; x_wconf 86' lang='lat' dir='ltr'><strong>Mahometi</strong></span> <span class='ocrx_word' id='word_1_66' title='bbox 1065 1295 1489 1383; x_wconf 88' lang='lat' dir='ltr'><strong>temporibus</strong></span> <span class='ocrx_word' id='word_1_67' title='bbox 1548 1296 1637 1363; x_wconf 89' lang='lat' dir='ltr'><strong>ad</strong></span> <span class='ocrx_word' id='word_1_68' title='bbox 1698 1300 2007 1362; x_wconf 90' lang='lat' dir='ltr'><strong>nostram</strong></span> <span class='ocrx_word' id='word_1_69' title='bbox 2075 1316 2289 1382; x_wconf 89' lang='lat' dir='ltr'><strong>usque</strong></span> <span class='ocrx_word' id='word_1_70' title='bbox 2352 1296 2679 1360; x_wconf 86' lang='lat' dir='ltr'><strong>aetatem:</strong></span> 
     </span>
     <span class='ocr_line' id='line_1_9' title="bbox 234 1401 2689 1493; baseline 0.002 -30"><span class='ocrx_word' id='word_1_71' title='bbox 234 1427 268 1461; x_wconf 88' lang='grc' dir='ltr'><strong>ιι</strong></span> <span class='ocrx_word' id='word_1_72' title='bbox 305 1401 428 1467; x_wconf 91' lang='lat' dir='ltr'><strong>cui</strong></span> <span class='ocrx_word' id='word_1_73' title='bbox 472 1403 659 1489; x_wconf 90' lang='lat' dir='ltr'><strong>operi</strong></span> <span class='ocrx_word' id='word_1_74' title='bbox 704 1402 792 1470; x_wconf 91' lang='lat' dir='ltr'><strong>ad</strong></span> <span class='ocrx_word' id='word_1_75' title='bbox 839 1403 1105 1470; x_wconf 87' lang='lat' dir='ltr'><strong>exitum</strong></span> <span class='ocrx_word' id='word_1_76' title='bbox 1151 1403 1574 1493; x_wconf 87' lang='lat' dir='ltr'><strong>perducendo</strong></span> <span class='ocrx_word' id='word_1_77' title='bbox 1619 1405 1847 1471; x_wconf 86' lang='lat' dir='ltr'><strong>multa</strong></span> <span class='ocrx_word' id='word_1_78' title='bbox 1892 1403 2064 1470; x_wconf 89' lang='lat' dir='ltr'><strong>mihi</strong></span> <span class='ocrx_word' id='word_1_79' title='bbox 2110 1403 2511 1470; x_wconf 86' lang='lat' dir='ltr'><strong>adiumenta</strong></span> <span class='ocrx_word' id='word_1_80' title='bbox 2542 1424 2689 1469; x_wconf 89' lang='lat' dir='ltr'><strong>esse</strong></span> 
     </span>
     <span class='ocr_line' id='line_1_10' title="bbox 229 1506 2692 1597; baseline 0.001 -25"><span class='ocrx_word' id='word_1_81' title='bbox 229 1532 264 1566; x_wconf 87' lang='grc' dir='ltr'><strong>ιι</strong></span> <span class='ocrx_word' id='word_1_82' title='bbox 300 1506 700 1593; x_wconf 89' lang='lat' dir='ltr'><strong>potuissent</strong></span> <span class='ocrx_word' id='word_1_83' title='bbox 717 1558 733 1591; x_wconf 85' lang='lat'>‚</span> <span class='ocrx_word' id='word_1_84' title='bbox 803 1531 883 1576; x_wconf 89' lang='lat' dir='ltr'><strong>ac</strong></span> <span class='ocrx_word' id='word_1_85' title='bbox 950 1510 1361 1596; x_wconf 88' lang='lat' dir='ltr'><strong>praesertim</strong></span> <span class='ocrx_word' id='word_1_86' title='bbox 1426 1509 1852 1597; x_wconf 84' lang='lat' dir='ltr'><strong>multiplices</strong></span> <span class='ocrx_word' id='word_1_87' title='bbox 1911 1508 2367 1597; x_wconf 89' lang='lat' dir='ltr'><strong>manuscripti</strong></span> <span class='ocrx_word' id='word_1_88' title='bbox 2427 1507 2692 1575; x_wconf 90' lang='lat' dir='ltr'><strong>codices</strong></span> 
     </span>
     <span class='ocr_line' id='line_1_11' title="bbox 233 1610 2683 1702; baseline 0.002 -25"><span class='ocrx_word' id='word_1_89' title='bbox 233 1638 267 1672; x_wconf 88' lang='grc' dir='ltr'><strong>ιι</strong></span> <span class='ocrx_word' id='word_1_90' title='bbox 305 1610 588 1699; x_wconf 86' lang='lat' dir='ltr'><strong>Syriaci</strong></span> <span class='ocrx_word' id='word_1_91' title='bbox 620 1617 694 1680; x_wconf 89' lang='lat' dir='ltr'><strong>et</strong></span> <span class='ocrx_word' id='word_1_92' title='bbox 724 1613 1010 1681; x_wconf 88' lang='lat' dir='ltr'><strong>Arabici</strong></span> <span class='ocrx_word' id='word_1_93' title='bbox 1033 1615 1108 1680; x_wconf 90' lang='lat' dir='ltr'><strong>in</strong></span> <span class='ocrx_word' id='word_1_94' title='bbox 1134 1615 1543 1682; x_wconf 86' lang='lat' dir='ltr'><strong>Vaticanam</strong></span> <span class='ocrx_word' id='word_1_95' title='bbox 1567 1615 2068 1683; x_wconf 89' lang='lat' dir='ltr'><strong>Bibliothecam</strong></span> <span class='ocrx_word' id='word_1_96' title='bbox 2092 1637 2310 1702; x_wconf 88' lang='lat' dir='ltr'><strong>nuper</strong></span> <span class='ocrx_word' id='word_1_97' title='bbox 2335 1613 2625 1681; x_wconf 85' lang='lat' dir='ltr'><strong>invecti.</strong></span> <span class='ocrx_word' id='word_1_98' title='bbox 2641 1662 2683 1681; x_wconf 90' lang='lat'><strong>..</strong></span> 
     </span>
     <span class='ocr_line' id='line_1_12' title="bbox 232 1720 2687 1810; baseline 0.003 -30"><span class='ocrx_word' id='word_1_99' title='bbox 232 1743 265 1778; x_wconf 89' lang='grc' dir='ltr'><strong>ιι</strong></span> <span class='ocrx_word' id='word_1_100' title='bbox 302 1739 552 1783; x_wconf 80' lang='lat' dir='ltr'><strong>verum</strong></span> <span class='ocrx_word' id='word_1_101' title='bbox 599 1743 811 1807; x_wconf 92' lang='lat' dir='ltr'><strong>quum</strong></span> <span class='ocrx_word' id='word_1_102' title='bbox 855 1722 1335 1810; x_wconf 85' lang='lat' dir='ltr'><strong>typographus</strong></span> <span class='ocrx_word' id='word_1_103' title='bbox 1379 1720 1748 1788; x_wconf 85' lang='lat' dir='ltr'><strong>editionem</strong></span> <span class='ocrx_word' id='word_1_104' title='bbox 1795 1721 2006 1788; x_wconf 90' lang='lat' dir='ltr'><strong>huius</strong></span> <span class='ocrx_word' id='word_1_105' title='bbox 2050 1720 2357 1787; x_wconf 86' lang='lat' dir='ltr'><strong>chronici</strong></span> <span class='ocrx_word' id='word_1_106' title='bbox 2403 1726 2687 1808; x_wconf 87' lang='lat' dir='ltr'><strong>urgeat,</strong></span> 
     </span>
     <span class='ocr_line' id='line_1_13' title="bbox 230 1821 2690 1913; baseline 0.002 -28"><span class='ocrx_word' id='word_1_107' title='bbox 230 1848 264 1883; x_wconf 89' lang='grc' dir='ltr'><strong>ιι</strong></span> <span class='ocrx_word' id='word_1_108' title='bbox 299 1821 520 1889; x_wconf 87' lang='lat' dir='ltr'><strong>istam</strong></span> <span class='ocrx_word' id='word_1_109' title='bbox 590 1823 1051 1892; x_wconf 85' lang='lat' dir='ltr'><strong>adornandam</strong></span> <span class='ocrx_word' id='word_1_110' title='bbox 1107 1826 1532 1894; x_wconf 88' lang='lat' dir='ltr'><strong>Orientalem</strong></span> <span class='ocrx_word' id='word_1_111' title='bbox 1593 1826 1960 1894; x_wconf 85' lang='lat' dir='ltr'><strong>historiam</strong></span> <span class='ocrx_word' id='word_1_112' title='bbox 2019 1826 2094 1893; x_wconf 94' lang='lat' dir='ltr'><strong>in</strong></span> <span class='ocrx_word' id='word_1_113' title='bbox 2158 1825 2357 1893; x_wconf 88' lang='lat' dir='ltr'><strong>aliud</strong></span> <span class='ocrx_word' id='word_1_114' title='bbox 2420 1829 2690 1913; x_wconf 88' lang='lat' dir='ltr'><strong>tempus</strong></span> 
     </span>
     <span class='ocr_line' id='line_1_14' title="bbox 234 1930 2690 2022; baseline 0 -26"><span class='ocrx_word' id='word_1_115' title='bbox 234 1956 269 1990; x_wconf 91' lang='grc' dir='ltr'><strong>ιι</strong></span> <span class='ocrx_word' id='word_1_116' title='bbox 306 1930 600 1998; x_wconf 78' lang='lat' dir='ltr'><strong>reiicion</strong></span> <span class='ocrx_word' id='word_1_117' title='bbox 619 1932 901 2000; x_wconf 89' lang='lat' dir='ltr'><strong>Pariter</strong></span> <span class='ocrx_word' id='word_1_118' title='bbox 930 1932 1141 2000; x_wconf 92' lang='lat' dir='ltr'><strong>etiam</strong></span> <span class='ocrx_word' id='word_1_119' title='bbox 1172 1932 1433 2000; x_wconf 86' lang='lat' dir='ltr'><strong>alludit</strong></span> <span class='ocrx_word' id='word_1_120' title='bbox 1461 1934 1550 2000; x_wconf 92' lang='lat' dir='ltr'><strong>ad</strong></span> <span class='ocrx_word' id='word_1_121' title='bbox 1577 1935 1906 2022; x_wconf 88' lang='lat' dir='ltr'><strong>quaedam</strong></span> <span class='ocrx_word' id='word_1_122' title='bbox 1938 1934 2013 2000; x_wconf 91' lang='lat' dir='ltr'><strong>in</strong></span> <span class='ocrx_word' id='word_1_123' title='bbox 2045 1932 2227 2001; x_wconf 91' lang='lat' dir='ltr'><strong>Bibl.</strong></span> <span class='ocrx_word' id='word_1_124' title='bbox 2260 1932 2382 1999; x_wconf 88' lang='lat' dir='ltr'><strong>Or.</strong></span> <span class='ocrx_word' id='word_1_125' title='bbox 2410 1933 2598 1999; x_wconf 86' lang='lat' dir='ltr'><strong>Tom.</strong></span> <span class='ocrx_word' id='word_1_126' title='bbox 2621 1931 2690 1998; x_wconf 91' lang='lat'><strong>1.</strong></span> 
     </span>
     <span class='ocr_line' id='line_1_15' title="bbox 225 2034 2687 2127; baseline 0.001 -27"><span class='ocrx_word' id='word_1_127' title='bbox 225 2034 522 2123; x_wconf 83' lang='lat' dir='ltr'><strong>prologo</strong></span> <span class='ocrx_word' id='word_1_128' title='bbox 569 2038 650 2106; x_wconf 92' lang='lat' dir='ltr'><strong>de</strong></span> <span class='ocrx_word' id='word_1_129' title='bbox 682 2038 1133 2126; x_wconf 87' lang='lat' dir='ltr'><strong>scriptoribus</strong></span> <span class='ocrx_word' id='word_1_130' title='bbox 1176 2037 1378 2127; x_wconf 88' lang='lat' dir='ltr'><strong>Syris</strong></span> <span class='ocrx_word' id='word_1_131' title='bbox 1429 2068 1461 2103; x_wconf 90' lang='grc' dir='ltr'><strong>ιι</strong></span> <span class='ocrx_word' id='word_1_132' title='bbox 1497 2040 1843 2122; x_wconf 80' lang='lat' dir='ltr'><strong>Quartum</strong></span> <span class='ocrx_word' id='word_1_133' title='bbox 1890 2039 2163 2122; x_wconf 83' lang='lat' dir='ltr'><strong>Graeci,</strong></span> <span class='ocrx_word' id='word_1_134' title='bbox 2214 2036 2458 2104; x_wconf 90' lang='lat' dir='ltr'><strong>Latini</strong></span> <span class='ocrx_word' id='word_1_135' title='bbox 2514 2036 2687 2103; x_wconf 88' lang='lat' dir='ltr'><strong>alia-</strong></span> 
     </span>
     <span class='ocr_line' id='line_1_16' title="bbox 236 2143 2690 2233; baseline 0.002 -29"><span class='ocrx_word' id='word_1_136' title='bbox 236 2168 269 2203; x_wconf 92' lang='grc' dir='ltr'><strong>ιι</strong></span> <span class='ocrx_word' id='word_1_137' title='bbox 306 2162 605 2231; x_wconf 82' lang='lat' dir='ltr'><strong>rumque</strong></span> <span class='ocrx_word' id='word_1_138' title='bbox 650 2143 962 2231; x_wconf 89' lang='lat' dir='ltr'><strong>gentium</strong></span> <span class='ocrx_word' id='word_1_139' title='bbox 1009 2144 1402 2233; x_wconf 88' lang='lat' dir='ltr'><strong>scriptores,</strong></span> <span class='ocrx_word' id='word_1_140' title='bbox 1452 2168 1603 2212; x_wconf 91' lang='lat' dir='ltr'><strong>cum</strong></span> <span class='ocrx_word' id='word_1_141' title='bbox 1661 2145 2074 2228; x_wconf 83' lang='lat' dir='ltr'><strong>Orthodoxi,</strong></span> <span class='ocrx_word' id='word_1_142' title='bbox 2138 2150 2288 2212; x_wconf 91' lang='lat' dir='ltr'><strong>tum</strong></span> <span class='ocrx_word' id='word_1_143' title='bbox 2351 2144 2690 2211; x_wconf 88' lang='lat' dir='ltr'><strong>haeretici</strong></span> 
     </span>
     <span class='ocr_line' id='line_1_17' title="bbox 239 2249 2680 2341; baseline 0.002 -31"><span class='ocrx_word' id='word_1_144' title='bbox 239 2276 273 2310; x_wconf 89' lang='grc' dir='ltr'><strong>ιι</strong></span> <span class='ocrx_word' id='word_1_145' title='bbox 306 2249 386 2314; x_wconf 91' lang='lat' dir='ltr'><strong>in</strong></span> <span class='ocrx_word' id='word_1_146' title='bbox 438 2250 802 2339; x_wconf 85' lang='lat' dir='ltr'><strong>Syriacum</strong></span> <span class='ocrx_word' id='word_1_147' title='bbox 847 2250 1180 2318; x_wconf 84' lang='lat' dir='ltr'><strong>conversi.</strong></span> <span class='ocrx_word' id='word_1_148' title='bbox 1198 2301 1245 2319; x_wconf 89' lang='lat'><strong>..</strong></span> <span class='ocrx_word' id='word_1_149' title='bbox 1279 2251 1849 2321; x_wconf 87' lang='lat' dir='ltr'><strong>Patriarcharum</strong></span> <span class='ocrx_word' id='word_1_150' title='bbox 1895 2261 2256 2341; x_wconf 90' lang='lat' dir='ltr'><strong>praeterea</strong></span> <span class='ocrx_word' id='word_1_151' title='bbox 2315 2249 2680 2340; x_wconf 85' lang='lat' dir='ltr'><strong>Syrorum,</strong></span> 
     </span>
     <span class='ocr_line' id='line_1_18' title="bbox 240 2356 2691 2441; baseline 0.002 -22"><span class='ocrx_word' id='word_1_152' title='bbox 240 2384 273 2418; x_wconf 88' lang='grc' dir='ltr'><strong>ιι</strong></span> <span class='ocrx_word' id='word_1_153' title='bbox 311 2356 831 2424; x_wconf 80' lang='lat' dir='ltr'><strong>Maronitarum</strong></span> <span class='ocrx_word' id='word_1_154' title='bbox 876 2357 1164 2441; x_wconf 85' lang='lat' dir='ltr'><strong>scilicet,</strong></span> <span class='ocrx_word' id='word_1_155' title='bbox 1216 2358 1725 2441; x_wconf 85' lang='lat' dir='ltr'><strong>Melchitarum‚</strong></span> <span class='ocrx_word' id='word_1_156' title='bbox 1778 2360 2264 2441; x_wconf 89' lang='lat' dir='ltr'><strong>Iacobitarum‚</strong></span> <span class='ocrx_word' id='word_1_157' title='bbox 2315 2363 2390 2424; x_wconf 90' lang='lat' dir='ltr'><strong>et</strong></span> <span class='ocrx_word' id='word_1_158' title='bbox 2444 2358 2510 2425; x_wconf 92' lang='lat' dir='ltr'>N</span> <span class='ocrx_word' id='word_1_159' title='bbox 2512 2362 2691 2424; x_wconf 91' lang='lat' dir='ltr'><strong>esto-</strong></span> 
     </span>
     <span class='ocr_line' id='line_1_19' title="bbox 241 2463 2690 2534; baseline 0.002 -7"><span class='ocrx_word' id='word_1_160' title='bbox 241 2492 273 2527; x_wconf 92' lang='grc' dir='ltr'><strong>ιι</strong></span> <span class='ocrx_word' id='word_1_161' title='bbox 310 2463 673 2531; x_wconf 84' lang='lat' dir='ltr'><strong>rianorum</strong></span> <span class='ocrx_word' id='word_1_162' title='bbox 719 2466 988 2532; x_wconf 89' lang='lat' dir='ltr'><strong>seriem:</strong></span> <span class='ocrx_word' id='word_1_163' title='bbox 1038 2465 1264 2533; x_wconf 90' lang='lat' dir='ltr'><strong>omnia</strong></span> <span class='ocrx_word' id='word_1_164' title='bbox 1309 2488 1569 2534; x_wconf 88' lang='lat' dir='ltr'><strong>summa</strong></span> <span class='ocrx_word' id='word_1_165' title='bbox 1612 2466 1743 2533; x_wconf 87' lang='lat' dir='ltr'><strong>fide</strong></span> <span class='ocrx_word' id='word_1_166' title='bbox 1775 2489 1859 2534; x_wconf 88' lang='lat' dir='ltr'><strong>ex</strong></span> <span class='ocrx_word' id='word_1_167' title='bbox 1890 2466 2230 2533; x_wconf 90' lang='lat' dir='ltr'><strong>codicibus</strong></span> <span class='ocrx_word' id='word_1_168' title='bbox 2259 2464 2690 2533; x_wconf 77' lang='lat' dir='ltr'><strong>clementino</strong></span> 
     </span>
     <span class='ocr_line' id='line_1_20' title="bbox 243 2572 991 2641; baseline 0.001 -7"><span class='ocrx_word' id='word_1_169' title='bbox 243 2601 275 2634; x_wconf 86' lang='grc' dir='ltr'><strong>ιι</strong></span> <span class='ocrx_word' id='word_1_170' title='bbox 313 2572 684 2641; x_wconf 87' lang='lat' dir='ltr'><strong>Vaticanis</strong></span> <span class='ocrx_word' id='word_1_171' title='bbox 727 2577 932 2641; x_wconf 87' lang='lat' dir='ltr'><strong>eruta</strong></span> <span class='ocrx_word' id='word_1_172' title='bbox 958 2599 991 2635; x_wconf 76' lang='lat' dir='ltr'><strong>n</strong></span> 
     </span>
    </p>

    <p class='ocr_par' dir='ltr' id='par_1_2' title="bbox 231 2678 2695 3078">
     <span class='ocr_line' id='line_1_21' title="bbox 375 2678 2685 2772; baseline 0.001 -26"><span class='ocrx_word' id='word_1_173' title='bbox 375 2678 779 2748; x_wconf 79' lang='lat' dir='ltr'><strong>Praedicta</strong></span> <span class='ocrx_word' id='word_1_174' title='bbox 822 2679 1063 2749; x_wconf 86' lang='lat' dir='ltr'><strong>omnia</strong></span> <span class='ocrx_word' id='word_1_175' title='bbox 1084 2678 1425 2772; x_wconf 79' lang='lat' dir='ltr'><strong>fideliter</strong></span> <span class='ocrx_word' id='word_1_176' title='bbox 1470 2680 1920 2772; x_wconf 80' lang='lat' dir='ltr'><strong>transcripta</strong></span> <span class='ocrx_word' id='word_1_177' title='bbox 1976 2687 2147 2749; x_wconf 84' lang='lat' dir='ltr'><strong>sant</strong></span> <span class='ocrx_word' id='word_1_178' title='bbox 2207 2680 2296 2749; x_wconf 88' lang='lat' dir='ltr'><strong>ab</strong></span> <span class='ocrx_word' id='word_1_179' title='bbox 2365 2678 2685 2769; x_wconf 71' lang='lat' dir='ltr'><strong>oriqina-</strong></span> 
     </span>
     <span class='ocr_line' id='line_1_22' title="bbox 231 2784 2687 2877; baseline 0 -25"><span class='ocrx_word' id='word_1_180' title='bbox 231 2784 460 2868; x_wconf 80' lang='lat' dir='ltr'><strong>libus,</strong></span> <span class='ocrx_word' id='word_1_181' title='bbox 511 2808 695 2875; x_wconf 86' lang='lat' dir='ltr'><strong>qaae</strong></span> <span class='ocrx_word' id='word_1_182' title='bbox 725 2787 802 2854; x_wconf 90' lang='lat' dir='ltr'><strong>in</strong></span> <span class='ocrx_word' id='word_1_183' title='bbox 832 2788 1155 2857; x_wconf 78' lang='lat' dir='ltr'><strong>archivio</strong></span> <span class='ocrx_word' id='word_1_184' title='bbox 1189 2787 1553 2857; x_wconf 82' lang='lat' dir='ltr'><strong>Basilicae</strong></span> <span class='ocrx_word' id='word_1_185' title='bbox 1596 2789 1984 2858; x_wconf 85' lang='lat' dir='ltr'><strong>Vaticanae</strong></span> <span class='ocrx_word' id='word_1_186' title='bbox 2014 2794 2514 2871; x_wconf 75' lang='lat' dir='ltr'><strong>asservantur,</strong></span> <span class='ocrx_word' id='word_1_187' title='bbox 2542 2806 2687 2877; x_wconf 81' lang='lat' dir='ltr'><strong>per·</strong></span> 
     </span>
     <span class='ocr_line' id='line_1_23' title="bbox 237 2891 2695 2985; baseline 0 -27"><span class='ocrx_word' id='word_1_188' title='bbox 237 2891 330 2958; x_wconf 92' lang='lat' dir='ltr'><strong>P.</strong></span> <span class='ocrx_word' id='word_1_189' title='bbox 411 2893 762 2960; x_wconf 85' lang='lat' dir='ltr'><strong>Joannem</strong></span> <span class='ocrx_word' id='word_1_190' title='bbox 831 2893 1105 2962; x_wconf 85' lang='lat' dir='ltr'><strong>Notain</strong></span> <span class='ocrx_word' id='word_1_191' title='bbox 1175 2894 1515 2964; x_wconf 78' lang='lat' dir='ltr'><strong>Daraani</strong></span> <span class='ocrx_word' id='word_1_192' title='bbox 1586 2893 2026 2964; x_wconf 80' lang='lat' dir='ltr'><strong>Monachum</strong></span> <span class='ocrx_word' id='word_1_193' title='bbox 2113 2892 2695 2985; x_wconf 68' lang='lat' dir='ltr'><strong>Conqreqationis</strong></span> 
     </span>
     <span class='ocr_line' id='line_1_24' title="bbox 236 2998 2035 3078; baseline 0.003 -14"><span class='ocrx_word' id='word_1_194' title='bbox 236 2998 314 3064; x_wconf 84' lang='lat' dir='ltr'><strong>S.</strong></span> <span class='ocrx_word' id='word_1_195' title='bbox 371 2998 681 3066; x_wconf 83' lang='lat' dir='ltr'><strong>Antonii</strong></span> <span class='ocrx_word' id='word_1_196' title='bbox 728 2998 1180 3078; x_wconf 78' lang='lat' dir='ltr'><strong>Libanensis,</strong></span> <span class='ocrx_word' id='word_1_197' title='bbox 1232 3023 1417 3070; x_wconf 87' lang='lat' dir='ltr'><strong>anno</strong></span> <span class='ocrx_word' id='word_1_198' title='bbox 1465 3002 1759 3071; x_wconf 88' lang='lat' dir='ltr'><strong>Domini</strong></span> <span class='ocrx_word' id='word_1_199' title='bbox 1815 3003 2035 3070; x_wconf 89' lang='grc'><strong><em>1881.</em></strong></span> 
     </span>
    </p>
   </div>
   <div class='ocr_carea' id='block_1_2' title="bbox 1316 3516 1634 3626">
    <p class='ocr_par' dir='ltr' id='par_1_3' title="bbox 1316 3516 1634 3626">
     <span class='ocr_line' id='line_1_25' title="bbox 1316 3516 1634 3626; baseline -0.003 -4"><span class='ocrx_word' id='word_1_200' title='bbox 1316 3516 1634 3626; x_wconf 38' lang='lat' dir='ltr'><strong>Q&amp;</strong></span> 
     </span>
    </p>
   </div>
  </div>
 </body>
</html>
