3525 5454
1876 407 2123 457 ...8.-

911 503 1098 571 Tom.
1137 504 1269 573 XI.
1307 503 1476 570 XII.
1518 503 1926 571 kalendaria
1971 508 2256 573 vetusta
2300 503 2710 570 latinorum.

916 611 1209 678 Italicae
1255 612 1588 680 historiae
1636 612 2005 701 scriptores
2051 612 2188 678 iam
2233 611 2426 678 Tom.
2462 612 2510 679 4
2552 611 2747 698 typis
2793 608 2993 675 editi.

909 717 1101 784 Tom.
1136 718 1222 785 V.
1260 719 1390 787 VI.
1454 717 1534 784 de
1582 718 1892 806 antiquis
1938 740 2170 785 rerum
2231 717 2847 805 Neapolitanarum
2895 720 2968 782 et
3026 714 3232 782 Sicu-

776 822 1003 890 larum
1050 823 1542 911 Scriptoribus.

904 929 1095 995 Tom.
1133 930 1299 997 VII.
1339 930 1543 998 VIII.
1576 931 1709 999 IX.
1737 935 1812 997 et
1843 931 1934 1014 X;
1971 931 2300 998 anecdota
2334 954 2566 999 rerum
2596 930 3225 1017 Neapolitanarum

774 1039 848 1101 et
879 1035 1270 1103 Sicularum
1318 1043 1778 1121 monumenta3
1830 1037 2298 1104 subiiciuntur
2343 1036 2486 1102 alia
2530 1034 2919 1102 huiusmodi
2966 1034 3054 1102 ad
3117 1058 3233 1102 res

765 1140 1051 1209 Italicas
1097 1143 1507 1228 spectantia,
1556 1140 1884 1207 nimirum
1940 1141 2027 1208 ad
2089 1133 2375 1229 regnum
2438 1141 3029 1228 Longobardicum
3058 1192 3073 1223 ,
3134 1141 3230 1208 ad

776 1244 1101 1311 ducatum
1176 1245 1581 1328 Romanum,
1635 1245 2090 1334 Spoletinum,
2142 1247 2688 1329 Foroiulianum,
2744 1247 3021 1314 Tusciae
3082 1253 3228 1314 etc.

905 1351 1006 1419 De
1052 1353 1266 1418 sacris
1310 1352 1723 1439 imaginibus
1771 1357 1844 1419 et
1890 1353 2232 1443 reliquiis.

909 1460 1100 1526 Tom.
1138 1461 1200 1526 Ι.
1234 1461 1333 1527 De
1365 1463 1579 1526 sacris
1611 1459 2026 1547 imaginibus
2057 1460 2371 1543 musivis,
2408 1460 2640 1548 pictis,
2679 1465 2751 1526 et
2782 1460 3216 1549 anaglyptis‚

773 1587 946 1654 quae
990 1566 1065 1631 in
1111 1566 1416 1633 vetustis
1462 1566 1768 1633 Orientis
1816 1571 1889 1632 et
1934 1565 2319 1632 Occidentis
2364 1567 2691 1634 Ecclesiis
2723 1571 3120 1633 servantur.

908 1673 1094 1739 Tom.
1133 1672 1237 1739 ΙΙ.
1288 1672 1369 1739 de
1416 1672 1630 1738 sacris
1677 1671 2115 1759 imaginibus,
2152 1671 2335 1760 quae
2378 1672 2452 1738 in
2505 1672 2815 1760 antiquis
2856 1672 3229 1738 manuscri-

777 1777 919 1864 ptis
966 1777 1303 1844 codicibus
1349 1778 1617 1857 latinis‚
1671 1777 1959 1864 graecis,
2011 1782 2084 1844 et
2130 1778 2293 1844 aliis
2324 1778 2779 1845 orientalibus
2810 1784 3209 1845 servantur.

911 1884 1101 1950 Tom.
1140 1884 1283 1950 ΙΙΙ.
1316 1885 1396 1951 (16
1444 1884 1657 1950 sacris
1704 1883 2119 1970 imaginibus
2165 1885 2248 1951 D.
2287 1886 2374 1953 N.
2413 1885 2471 1950 Ι.
2511 1884 2805 1952 Christi.

909 1988 1097 2055 Tom.
1128 1989 1253 2057 IV.
1293 1990 1374 2055 de
1421 1989 1634 2055 sacris
1679 1990 2016 2076 Deiparae
2048 1989 2364 2077 Virginis
2393 1990 2808 2077 imaginibus
2837 1989 2910 2055 in
2941 1989 3224 2057 Oriente

779 2098 853 2160 et
897 2092 1257 2160 Occidente
1303 2094 1541 2160 cultis.

912 2200 1100 2266 Tom.
1139 2200 1225 2268 V.
1266 2200 1346 2266 de
1392 2202 1606 2267 sacris
1654 2201 2046 2269 Palestinae
2094 2202 2284 2285 lociS,
2319 2208 2392 2269 et
2438 2202 2846 2271 venerandis
2878 2201 3221 2290 reliquiis,

783 2325 954 2392 quae
1023 2305 1110 2371 ad
1155 2304 1515 2372 Christum
1577 2307 1941 2373 Dominum
2006 2314 2079 2374 et
2136 2308 2225 2375 ad
2286 2309 2628 2396 virginem
2670 2309 3055 2399 LDeiparam
3117 2332 3220 2377 re-

784 2413 1132 2479 feruntur.
2933 2490 2934 2493 ,

915 2521 1263 2610 Excerpta
1308 2544 1390 2588 ex
1438 2521 1648 2587 huius
1693 2523 1919 2609 operis
1966 2525 2145 2589 tomo
2188 2522 2249 2588 Ι.
2302 2523 2630 2611 vulgavit
2689 2523 2773 2589 cl.
2808 2523 2895 2591 V.
2933 2526 3224 2591 Ioannes

783 2628 1149 2694 Bottarius
1195 2629 1268 2694 in
1306 2628 1796 2694 dissertatione
1830 2627 1910 2695 de
1941 2628 2525 2695 Lateranensibus
2556 2629 2923 2718 parietinis
2951 2628 3223 2696 Nicolai
3315 2686 3318 2689 ,

782 2732 1153 2801 Alemanni
1201 2756 1437 2800 recusa
1484 2733 1735 2801 Romae
1801 2735 1997 2801 1756.
2048 2734 2241 2823 typis
2286 2734 2765 2802 Salvionorum
2797 2758 2839 2802 a
2870 2757 3030 2823 pag.
3064 2736 3218 2802 135.

781 2839 869 2906 ad
899 2841 1051 2907 201.
1103 2840 1290 2907 haud
1336 2841 1586 2927 exigua
1631 2840 1932 2907 eiusdem
1993 2841 2218 2929 operis
2276 2864 2437 2930 pars
2484 2863 2567 2907 ex
2612 2842 2919 2910 incendio
2981 2848 3222 2931 erepta

784 2967 986 3032 penes
1033 2947 1359 3013 haeredes
1404 2952 1834 3013 asservatur.

916 3050 1233 3138 Synodus
1279 3052 1711 3119 Antiochena
1756 3052 2262 3120 Maronitarum
2309 3075 2351 3120 a
2397 3054 2681 3141 Iosepho
2715 3054 2922 3120 Petro
2955 3054 3227 3122 Gazeno

783 3157 1197 3224 Patriarcha
1228 3159 1507 3245 eiusque
1533 3158 2108 3247 Archiepiscopis,
2139 3160 2491 3248 Episcopis
2521 3160 2868 3227 celebrata
2896 3162 2969 3228 in
2994 3162 3227 3228 Monte

785 3264 1047 3330 Libano
1081 3266 1278 3332 1736.
1339 3264 1648 3352 praeside
1709 3265 1997 3353 Iosepho
2059 3265 2356 3333 Simonio
2415 3268 2791 3334 Assemano
2852 3266 3228 3334 Clementis

786 3373 1011 3462 Papae
1074 3374 1242 3439 XII.
1295 3372 1645 3459 Ablegato
1691 3371 2062 3459 apostolico
2098 3422 2111 3453 ,
2162 3371 2281 3459 qui
2328 3372 2628 3439 eamdem
2671 3371 3020 3462 Synodum
3072 3394 3228 3439 ara-

692 3497 699 3504 ·
782 3484 924 3549 bice
969 3482 1365 3569 composuit,
1417 3486 1490 3548 et
1545 3480 1767 3547 latine
1835 3479 2162 3545 reddidit:
2211 3480 2527 3545 datiuum
2587 3480 2934 3568 exemplar
2994 3503 3036 3547 a
3097 3482 3227 3546 Be-

783 3587 1050 3655 nedicto
1082 3585 1279 3656 XIV.
1328 3589 1782 3674 approbatum
1844 3590 1917 3651 et
1980 3586 2453 3651 confirmatum
2516 3590 2716 3651 extat
2776 3585 2850 3651 in
2914 3584 3229 3653 archivio

784 3717 973 3781 cong.
1014 3693 1093 3759 de
1139 3695 1340 3781 Prop.
1379 3693 1573 3774 Fide,
1626 3692 1972 3759 arabicum
2022 3715 2184 3759 vero
2229 3694 2316 3758 ad
2361 3693 2815 3781 archetypum
2848 3694 3228 3774 conlatum,

782 3826 1066 3893 quocum
1113 3801 1517 3868 concordare
1562 3804 1924 3866 testantur
1972 3798 2272 3865 eiusdem
2320 3797 2582 3886 Synodi
2628 3799 2877 3866 Patres
2937 3822 3235 3888 quorum

784 3909 1315 3998 subscriptiones
1362 3912 1435 3973 et
1481 3906 1722 3993 sigilla
1765 3906 1843 3971 'in
1888 3906 2071 3971 calce
2117 3911 2490 3972 occurrunt
2534 3907 2715 3994 apud
2760 3907 3086 3975 haeredes
3124 3907 3233 3973 in-

748 4101 751 4108 ,
785 4014 1018 4081 cendio
1065 4019 1401 4101 ereptum.

914 4120 1338 4207 Euchologia
1383 4118 1730 4186 Ecclesiae
1774 4117 2156 4184 Orientalis
2202 4116 2727 4204 complectentia
2773 4119 2961 4186 ritus
3006 4125 3081 4186 et
3119 4142 3233 4186 or-

781 4227 973 4294 dines
1019 4224 1294 4293 divinae
1341 4223 1678 4310 liturgiae
1725 4222 2134 4305 officiorum,
2185 4223 2806 4306 Sacramentorum,
2872 4248 3229 4292 consacra-

784 4334 1072 4414 tionum,
1107 4337 1180 4398 et
1202 4329 1769 4412 benedictionum,
1799 4329 2084 4411 additis,
2112 4330 2462 4396 doctorum
2489 4331 2854 4418 utriusque
2879 4332 3232 4400 Ecclesiae

784 4437 1130 4527 opusculis
1174 4436 1472 4503 nondum
1518 4436 1753 4517 editis,
1808 4437 1880 4502 in
1926 4440 2184 4525 septem
2229 4435 2444 4501 libros
2489 4433 2895 4504 distributa.

800 4592 808 4598 -
917 4544 1130 4612 Liber
1161 4543 1221 4610 I.
1277 4542 1777 4629 Euchologium
1823 4544 2168 4612 Ecclesiae
2217 4541 2542 4631 Syriacae
2590 4542 3122 4612 Maronitarum.
